@article{Xu_2023,
doi = {10.1088/1674-4527/acdfa5},
url = {https://dx.doi.org/10.1088/1674-4527/acdfa5},
year = {2023},
month = {jun},
publisher = {National Astromonical Observatories, CAS and IOP Publishing},
volume = {23},
number = {7},
pages = {075024},
author = {Heng Xu and Siyuan Chen and Yanjun Guo and Jinchen Jiang and Bojun Wang and Jiangwei Xu and Zihan Xue and R. Nicolas Caballero and Jianping Yuan and Yonghua Xu and Jingbo Wang and Longfei Hao and Jingtao Luo and Kejia Lee and Jinlin Han and Peng Jiang and Zhiqiang Shen and Min Wang and Na Wang and Renxin Xu and Xiangping Wu and Richard Manchester and Lei Qian and Xin Guan and Menglin Huang and Chun Sun and Yan Zhu},
title = {Searching for the Nano-Hertz Stochastic Gravitational Wave Background with the Chinese Pulsar Timing Array Data Release I},
journal = {Research in Astronomy and Astrophysics},
abstract = {Observing and timing a group of millisecond pulsars with high rotational stability enables the direct detection of gravitational waves (GWs). The GW signals can be identified from the spatial correlations encoded in the times-of-arrival of widely spaced pulsar-pairs. The Chinese Pulsar Timing Array (CPTA) is a collaboration aiming at the direct GW detection with observations carried out using Chinese radio telescopes. This short article serves as a “table of contents” for a forthcoming series of papers related to the CPTA Data Release 1 (CPTA DR1) which uses observations from the Five-hundred-meter Aperture Spherical radio Telescope. Here, after summarizing the time span and accuracy of CPTA DR1, we report the key results of our statistical inference finding a correlated signal with amplitude  for spectral index in the range of α ∈ [ − 1.8, 1.5] assuming a GW background (GWB) induced quadrupolar correlation. The search for the Hellings–Downs (HD) correlation curve is also presented, where some evidence for the HD correlation has been found that a 4.6σ statistical significance is achieved using the discrete frequency method around the frequency of 14 nHz. We expect that the future International Pulsar Timing Array data analysis and the next CPTA data release will be more sensitive to the nHz GWB, which could verify the current results.}
}

@article{Cang:2022jyc,
    author = "Cang, Junsong and Ma, Yin-Zhe and Gao, Yu",
    title = "{Implications for Primordial Black Holes from Cosmological Constraints on Scalar-induced Gravitational Waves}",
    eprint = "2210.03476",
    archivePrefix = "arXiv",
    primaryClass = "astro-ph.CO",
    doi = "10.3847/1538-4357/acc949",
    journal = "Astrophys. J.",
    volume = "949",
    number = "2",
    pages = "64",
    year = "2023"
}
@article{Middleton:2020asl,
    author = "Middleton, H. and Sesana, A. and Chen, S. and Vecchio, A. and Del Pozzo, W. and Rosado, P. A.",
    title = "{Massive black hole binary systems and the NANOGrav 12.5 yr results}",
    eprint = "2011.01246",
    archivePrefix = "arXiv",
    primaryClass = "astro-ph.HE",
    doi = "10.1093/mnrasl/slab008",
    journal = "Mon. Not. Roy. Astron. Soc.",
    volume = "502",
    number = "1",
    pages = "L99--L103",
    year = "2021"
}
@article{Ferreira:2022zzo,
    author = "Ferreira, Ricardo Z. and Notari, Alessio and Pujolas, Oriol and Rompineve, Fabrizio",
    title = "{Gravitational waves from domain walls in Pulsar Timing Array datasets}",
    eprint = "2204.04228",
    archivePrefix = "arXiv",
    primaryClass = "astro-ph.CO",
    reportNumber = "CERN-TH-2022-214",
    doi = "10.1088/1475-7516/2023/02/001",
    journal = "JCAP",
    volume = "02",
    pages = "001",
    year = "2023"
}
@article{Wang:2022rjz,
    author = "Wang, Deng",
    title = "{Novel Physics with International Pulsar Timing Array: Axionlike Particles, Domain Walls and Cosmic Strings}",
    eprint = "2203.10959",
    archivePrefix = "arXiv",
    primaryClass = "astro-ph.CO",
    month = "3",
    year = "2022"
}
@article{Wang:2022wwj,
    author = "Wang, Deng",
    title = "{Squeezing Cosmological Phase Transitions with International Pulsar Timing Array}",
    eprint = "2201.09295",
    archivePrefix = "arXiv",
    primaryClass = "astro-ph.CO",
    month = "1",
    year = "2022"
}
@article{Xue:2021gyq,
    author = "Xue, Xiao and others",
    title = "{Constraining Cosmological Phase Transitions with the Parkes Pulsar Timing Array}",
    eprint = "2110.03096",
    archivePrefix = "arXiv",
    primaryClass = "astro-ph.CO",
    doi = "10.1103/PhysRevLett.127.251303",
    journal = "Phys. Rev. Lett.",
    volume = "127",
    number = "25",
    pages = "251303",
    year = "2021"
}
@article{NANOGrav:2021flc,
    author = "Arzoumanian, Zaven and others",
    collaboration = "NANOGrav",
    title = "{Searching for Gravitational Waves from Cosmological Phase Transitions with the NANOGrav 12.5-Year Dataset}",
    eprint = "2104.13930",
    archivePrefix = "arXiv",
    primaryClass = "astro-ph.CO",
    doi = "10.1103/PhysRevLett.127.251302",
    journal = "Phys. Rev. Lett.",
    volume = "127",
    number = "25",
    pages = "251302",
    year = "2021"
}
@article{Bian:2020urb,
    author = "Bian, Ligong and Cai, Rong-Gen and Liu, Jing and Yang, Xing-Yu and Zhou, Ruiyu",
    title = "{Evidence for different gravitational-wave sources in the NANOGrav dataset}",
    eprint = "2009.13893",
    archivePrefix = "arXiv",
    primaryClass = "astro-ph.CO",
    doi = "10.1103/PhysRevD.103.L081301",
    journal = "Phys. Rev. D",
    volume = "103",
    number = "8",
    pages = "L081301",
    year = "2021"
}
@article{Zeldovich:1967lct,
    author = "Zel'dovich, Ya. B. and Novikov, I. D.",
    title = "{The Hypothesis of Cores Retarded during Expansion and the Hot Cosmological Model}",
    journal = "Soviet Astron. AJ (Engl. Transl. ),",
    volume = "10",
    pages = "602",
    year = "1967"
}

@article{Chen:2021rqp,
    author = "Chen, S. and others",
    title = "{Common-red-signal analysis with 24-yr high-precision timing of the European Pulsar Timing Array: inferences in the stochastic gravitational-wave background search}",
    eprint = "2110.13184",
    archivePrefix = "arXiv",
    primaryClass = "astro-ph.HE",
    doi = "10.1093/mnras/stab2833",
    journal = "Mon. Not. Roy. Astron. Soc.",
    volume = "508",
    number = "4",
    pages = "4970--4993",
    year = "2021"
}
@article{Goncharov:2021oub,
    author = "Goncharov, Boris and others",
    title = "{On the Evidence for a Common-spectrum Process in the Search for the Nanohertz Gravitational-wave Background with the Parkes Pulsar Timing Array}",
    eprint = "2107.12112",
    archivePrefix = "arXiv",
    primaryClass = "astro-ph.HE",
    doi = "10.3847/2041-8213/ac17f4",
    journal = "Astrophys. J. Lett.",
    volume = "917",
    number = "2",
    pages = "L19",
    year = "2021"
}
@article{NANOGrav:2020bcs,
    author = "Arzoumanian, Zaven and others",
    collaboration = "NANOGrav",
    title = "{The NANOGrav 12.5 yr Data Set: Search for an Isotropic Stochastic Gravitational-wave Background}",
    eprint = "2009.04496",
    archivePrefix = "arXiv",
    primaryClass = "astro-ph.HE",
    doi = "10.3847/2041-8213/abd401",
    journal = "Astrophys. J. Lett.",
    volume = "905",
    number = "2",
    pages = "L34",
    year = "2020"
}

@ARTICLE{Knox2020,
       author = {{Knox}, L. and {Millea}, M.},
        title = "{Hubble constant hunter's guide}",
      journal = {\prd},
     keywords = {Astrophysics - Cosmology and Nongalactic Astrophysics},
         year = 2020,
        month = feb,
       volume = {101},
       number = {4},
          eid = {043533},
        pages = {043533},
          doi = {10.1103/PhysRevD.101.043533},
archivePrefix = {arXiv},
       eprint = {1908.03663},
 primaryClass = {astro-ph.CO},
       adsurl = {https://ui.adsabs.harvard.edu/abs/2020PhRvD.101d3533K},
      adsnote = {Provided by the SAO/NASA Astrophysics Data System}
}



@ARTICLE{Verde2019,
       author = {{Verde}, Licia and {Treu}, Tommaso and {Riess}, Adam G.},
        title = "{Tensions between the early and late Universe}",
      journal = {Nature Astronomy},
     keywords = {Astrophysics - Cosmology and Nongalactic Astrophysics, General Relativity and Quantum Cosmology, High Energy Physics - Phenomenology, High Energy Physics - Theory},
         year = 2019,
        month = sep,
       volume = {3},
        pages = {891-895},
          doi = {10.1038/s41550-019-0902-0},
archivePrefix = {arXiv},
       eprint = {1907.10625},
 primaryClass = {astro-ph.CO},
       adsurl = {https://ui.adsabs.harvard.edu/abs/2019NatAs...3..891V},
      adsnote = {Provided by the SAO/NASA Astrophysics Data System}
}



@ARTICLE{Verde2022,
       author = {{Sch{\"o}neberg}, Nils and {Verde}, Licia and {Gil-Mar{\'\i}n}, H{\'e}ctor and {Brieden}, Samuel},
        title = "{BAO+BBN revisited - growing the Hubble tension with a 0.7 km/s/Mpc constraint}",
      journal = {\jcap},
     keywords = {baryon acoustic oscillations, cosmological parameters from LSS, big bang nucleosynthesis, Astrophysics - Cosmology and Nongalactic Astrophysics},
         year = 2022,
        month = nov,
       volume = {2022},
       number = {11},
          eid = {039},
        pages = {039},
          doi = {10.1088/1475-7516/2022/11/039},
archivePrefix = {arXiv},
       eprint = {2209.14330},
 primaryClass = {astro-ph.CO},
       adsurl = {https://ui.adsabs.harvard.edu/abs/2022JCAP...11..039S},
      adsnote = {Provided by the SAO/NASA Astrophysics Data System}
}



@ARTICLE{Riess2022,
       author = {{Riess}, Adam G. and {Yuan}, Wenlong and {Macri}, Lucas M. and {Scolnic}, Dan and {Brout}, Dillon and {Casertano}, Stefano and {Jones}, David O. and {Murakami}, Yukei and {Anand}, Gagandeep S. and {Breuval}, Louise and {Brink}, Thomas G. and {Filippenko}, Alexei V. and {Hoffmann}, Samantha and {Jha}, Saurabh W. and {D'arcy Kenworthy}, W. and {Mackenty}, John and {Stahl}, Benjamin E. and {Zheng}, WeiKang},
        title = "{A Comprehensive Measurement of the Local Value of the Hubble Constant with 1 km s$^{-1}$ Mpc$^{-1}$ Uncertainty from the Hubble Space Telescope and the SH0ES Team}",
      journal = {\apjl},
     keywords = {Hubble constant, 758, Astrophysics - Cosmology and Nongalactic Astrophysics},
         year = 2022,
        month = jul,
       volume = {934},
       number = {1},
          eid = {L7},
        pages = {L7},
          doi = {10.3847/2041-8213/ac5c5b},
archivePrefix = {arXiv},
       eprint = {2112.04510},
 primaryClass = {astro-ph.CO},
       adsurl = {https://ui.adsabs.harvard.edu/abs/2022ApJ...934L...7R},
      adsnote = {Provided by the SAO/NASA Astrophysics Data System}
}



@ARTICLE{Freedman2020,
       author = {{Freedman}, Wendy L. and {Madore}, Barry F. and {Hoyt}, Taylor and {Jang}, In Sung and {Beaton}, Rachael and {Lee}, Myung Gyoon and {Monson}, Andrew and {Neeley}, Jill and {Rich}, Jeffrey},
        title = "{Calibration of the Tip of the Red Giant Branch}",
      journal = {\apj},
     keywords = {Observational cosmology, Galaxy distances, Interstellar extinction, Hubble constant, 1146, 590, 841, 758, Astrophysics - Astrophysics of Galaxies, Astrophysics - Cosmology and Nongalactic Astrophysics},
         year = 2020,
        month = mar,
       volume = {891},
       number = {1},
          eid = {57},
        pages = {57},
          doi = {10.3847/1538-4357/ab7339},
archivePrefix = {arXiv},
       eprint = {2002.01550},
 primaryClass = {astro-ph.GA},
       adsurl = {https://ui.adsabs.harvard.edu/abs/2020ApJ...891...57F},
      adsnote = {Provided by the SAO/NASA Astrophysics Data System}
}


@ARTICLE{Efstathiou2021,
       author = {{Efstathiou}, George},
        title = "{To H$_{0}$ or not to H$_{0}$?}",
      journal = {\mnras},
     keywords = {cosmological parameters, distance scale, cosmology: observations, Astrophysics - Cosmology and Nongalactic Astrophysics},
         year = 2021,
        month = aug,
       volume = {505},
       number = {3},
        pages = {3866-3872},
          doi = {10.1093/mnras/stab1588},
archivePrefix = {arXiv},
       eprint = {2103.08723},
 primaryClass = {astro-ph.CO},
       adsurl = {https://ui.adsabs.harvard.edu/abs/2021MNRAS.505.3866E},
      adsnote = {Provided by the SAO/NASA Astrophysics Data System}
}

@ARTICLE{Efstathiou2020,
       author = {{Efstathiou}, G.},
        title = "{A Lockdown Perspective on the Hubble Tension (with comments from the SH0ES team)}",
      journal = {arXiv e-prints},
     keywords = {Astrophysics - Cosmology and Nongalactic Astrophysics, Astrophysics - Astrophysics of Galaxies},
         year = 2020,
        month = jul,
          eid = {arXiv:2007.10716},
        pages = {arXiv:2007.10716},
          doi = {10.48550/arXiv.2007.10716},
archivePrefix = {arXiv},
       eprint = {2007.10716},
 primaryClass = {astro-ph.CO},
       adsurl = {https://ui.adsabs.harvard.edu/abs/2020arXiv200710716E},
      adsnote = {Provided by the SAO/NASA Astrophysics Data System}
}

@BOOK{KolbTurner1990,
       author = {{Kolb}, Edward W. and {Turner}, Michael S.},
        title = "{The early universe}",
         year = 1990,
       volume = {69},
       adsurl = {https://ui.adsabs.harvard.edu/abs/1990eaun.book.....K},
      adsnote = {Provided by the SAO/NASA Astrophysics Data System},
      publisher={CRC press}
}



@ARTICLE{Chen:2021nio,
       author = {{Chen}, Pisin and {Koh}, Seoktae and {Tumurtushaa}, Gansukh},
        title = "{Primordial black holes and induced gravitational waves from inflation in the Horndeski theory of gravity}",
      journal = {arXiv e-prints},
     keywords = {General Relativity and Quantum Cosmology, Astrophysics - Cosmology and Nongalactic Astrophysics},
         year = 2021,
        month = jul,
          eid = {arXiv:2107.08638},
        pages = {arXiv:2107.08638},
archivePrefix = {arXiv},
       eprint = {2107.08638},
 primaryClass = {gr-qc},
       adsurl = {https://ui.adsabs.harvard.edu/abs/2021arXiv210708638C},
      adsnote = {Provided by the SAO/NASA Astrophysics Data System}
}

@article{Nakama:2016gzw,
    author = "Nakama, Tomohiro and Silk, Joseph and Kamionkowski, Marc",
    title = "{Stochastic gravitational waves associated with the formation of primordial black holes}",
    eprint = "1612.06264",
    archivePrefix = "arXiv",
    primaryClass = "astro-ph.CO",
    doi = "10.1103/PhysRevD.95.043511",
    journal = "Phys. Rev. D",
    volume = "95",
    number = "4",
    pages = "043511",
    year = "2017"
}

@article{Ozsoy:2018flq,
    author = {\"Ozsoy, Ogan and Parameswaran, Susha and Tasinato, Gianmassimo and Zavala, Ivonne},
    title = "{Mechanisms for Primordial Black Hole Production in String Theory}",
    eprint = "1803.07626",
    archivePrefix = "arXiv",
    primaryClass = "hep-th",
    doi = "10.1088/1475-7516/2018/07/005",
    journal = "JCAP",
    volume = "07",
    pages = "005",
    year = "2018"
}

@phdthesis{Wallisch:2018rzj,
    author = "Wallisch, Benjamin",
    title = "{Cosmological Probes of Light Relics}",
    eprint = "1810.02800",
    archivePrefix = "arXiv",
    primaryClass = "astro-ph.CO",
    doi = "10.17863/CAM.30368",
    school = "Cambridge U.",
    year = "2018"
}

@article{Borsanyi:2016ksw,
    author = "Borsanyi, Sz. and others",
    title = "{Calculation of the axion mass based on high-temperature lattice quantum chromodynamics}",
    eprint = "1606.07494",
    archivePrefix = "arXiv",
    primaryClass = "hep-lat",
    reportNumber = "DESY-16-105",
    doi = "10.1038/nature20115",
    journal = "Nature",
    volume = "539",
    number = "7627",
    pages = "69--71",
    year = "2016"
}

@article{Young:2014ana,
    author = "Young, Sam and Byrnes, Christian T. and Sasaki, Misao",
    title = "{Calculating the mass fraction of primordial black holes}",
    eprint = "1405.7023",
    archivePrefix = "arXiv",
    primaryClass = "gr-qc",
    doi = "10.1088/1475-7516/2014/07/045",
    journal = "JCAP",
    volume = "07",
    pages = "045",
    year = "2014"
}

@article{Inomata:2017okj,
    author = "Inomata, Keisuke and Kawasaki, Masahiro and Mukaida, Kyohei and Tada, Yuichiro and Yanagida, Tsutomu T.",
    title = "{Inflationary Primordial Black Holes as All Dark Matter}",
    eprint = "1701.02544",
    archivePrefix = "arXiv",
    primaryClass = "astro-ph.CO",
    reportNumber = "IPMU17-0009",
    doi = "10.1103/PhysRevD.96.043504",
    journal = "Phys. Rev. D",
    volume = "96",
    number = "4",
    pages = "043504",
    year = "2017"
}

@ARTICLE{Harada:2013epa,
       author = {{Harada}, Tomohiro and {Yoo}, Chul-Moon and {Kohri}, Kazunori},
        title = "{Threshold of primordial black hole formation}",
      journal = {\prd},
     keywords = {04.70.Bw, 97.60.Lf, 95.35.+d, Classical black holes, Black holes, Dark matter, Astrophysics - Cosmology and Nongalactic Astrophysics, General Relativity and Quantum Cosmology, High Energy Physics - Phenomenology, High Energy Physics - Theory},
         year = 2013,
        month = oct,
       volume = {88},
       number = {8},
          eid = {084051},
        pages = {084051},
          doi = {10.1103/PhysRevD.88.084051},
archivePrefix = {arXiv},
       eprint = {1309.4201},
 primaryClass = {astro-ph.CO},
       adsurl = {https://ui.adsabs.harvard.edu/abs/2013PhRvD..88h4051H},
      adsnote = {Provided by the SAO/NASA Astrophysics Data System}
}


@article{Musco:2012au,
    author = "Musco, Ilia and Miller, John C.",
    title = "{Primordial black hole formation in the early universe: critical behaviour and self-similarity}",
    eprint = "1201.2379",
    archivePrefix = "arXiv",
    primaryClass = "gr-qc",
    doi = "10.1088/0264-9381/30/14/145009",
    journal = "Class. Quant. Grav.",
    volume = "30",
    pages = "145009",
    year = "2013"
}

@article{Cang:2021owu,
    author = "Cang, Junsong and Gao, Yu and Ma, Yin-Zhe",
    title = "{21-cm constraints on spinning primordial black holes}",
    eprint = "2108.13256",
    archivePrefix = "arXiv",
    primaryClass = "astro-ph.CO",
    doi = "10.1088/1475-7516/2022/03/012",
    journal = "JCAP",
    volume = "03",
    number = "03",
    pages = "012",
    year = "2022"
}

@article{Carr:2020xqk,
    author = "Carr, Bernard and Kuhnel, Florian",
    title = "{Primordial Black Holes as Dark Matter: Recent Developments}",
    eprint = "2006.02838",
    archivePrefix = "arXiv",
    primaryClass = "astro-ph.CO",
    doi = "10.1146/annurev-nucl-050520-125911",
    journal = "Ann. Rev. Nucl. Part. Sci.",
    volume = "70",
    pages = "355--394",
    year = "2020"
}

@article{Carr:2017jsz,
    author = {Carr, Bernard and Raidal, Martti and Tenkanen, Tommi and Vaskonen, Ville and Veerm\"ae, Hardi},
    title = "{Primordial black hole constraints for extended mass functions}",
    eprint = "1705.05567",
    archivePrefix = "arXiv",
    primaryClass = "astro-ph.CO",
    doi = "10.1103/PhysRevD.96.023514",
    journal = "Phys. Rev. D",
    volume = "96",
    number = "2",
    pages = "023514",
    year = "2017"
}

@article{Dolgov:1992pu,
    author = "Dolgov, Alexandre and Silk, Joseph",
    title = "{Baryon isocurvature fluctuations at small scales and baryonic dark matter}",
    reportNumber = "CFPA-TH-92-04",
    doi = "10.1103/PhysRevD.47.4244",
    journal = "Phys. Rev. D",
    volume = "47",
    pages = "4244--4255",
    year = "1993"
}

@article{Planck:2018vyg,
    author = "Planck Collaboration, Aghanim, N. and others",
    collaboration = "Planck",
    title = "{Planck 2018 results. VI. Cosmological parameters}",
    eprint = "1807.06209",
    archivePrefix = "arXiv",
    primaryClass = "astro-ph.CO",
    doi = "10.1051/0004-6361/201833910",
    journal = "Astron. Astrophys.",
    volume = "641",
    pages = "A6",
    year = "2020",
    note = "[Erratum: Astron.Astrophys. 652, C4 (2021)]"
}

@ARTICLE{Yuan:2021qgz,
       author = {{Yuan}, Chen and {Huang}, Qing-Guo},
        title = "{A topic review on probing primordial black hole dark matter with scalar induced gravitational waves}",
      journal = {iScience},
     keywords = {Astrophysics - Astrophysics of Galaxies, General Relativity and Quantum Cosmology, High Energy Physics - Phenomenology, High Energy Physics - Theory},
         year = 2021,
        month = aug,
       volume = {24},
       number = {8},
        pages = {102860},
          doi = {10.1016/j.isci.2021.102860},
archivePrefix = {arXiv},
       eprint = {2103.04739},
 primaryClass = {astro-ph.GA},
       adsurl = {https://ui.adsabs.harvard.edu/abs/2021iSci...24j2860Y},
      adsnote = {Provided by the SAO/NASA Astrophysics Data System}
}

@article{Press:1973iz,
    author = "Press, William H. and Schechter, Paul",
    title = "{Formation of galaxies and clusters of galaxies by selfsimilar gravitational condensation}",
    doi = "10.1086/152650",
    journal = "Astrophys. J.",
    volume = "187",
    pages = "425--438",
    year = "1974"
}


@article{Carr:2009jm,
    author = "Carr, B. J. and Kohri, Kazunori and Sendouda, Yuuiti and Yokoyama, Jun'ichi",
    title = "{New cosmological constraints on primordial black holes}",
    eprint = "0912.5297",
    archivePrefix = "arXiv",
    primaryClass = "astro-ph.CO",
    reportNumber = "RESCEU-31-09, TU-852, YITP-09-112",
    doi = "10.1103/PhysRevD.81.104019",
    journal = "Phys. Rev. D",
    volume = "81",
    pages = "104019",
    year = "2010"
}

@article{1975ApJ...201....1C,
       author = {{Carr}, B.~J.},
        title = "{The primordial black hole mass spectrum.}",
      journal = {\apj},
     keywords = {Astronomical Models, Black Holes (Astronomy), Cosmology, Mass Spectra, Density (Mass/Volume), Galactic Clusters, Perturbation Theory, Universe, Astrophysics},
         year = 1975,
        month = oct,
       volume = {201},
        pages = {1-19},
          doi = {10.1086/153853},
       adsurl = {https://ui.adsabs.harvard.edu/abs/1975ApJ...201....1C},
      adsnote = {Provided by the SAO/NASA Astrophysics Data System}
}

@article{Mangano:2005cc,
    author = "Mangano, Gianpiero and Miele, Gennaro and Pastor, Sergio and Pinto, Teguayco and Pisanti, Ofelia and Serpico, Pasquale D.",
    title = "{Relic neutrino decoupling including flavor oscillations}",
    eprint = "hep-ph/0506164",
    archivePrefix = "arXiv",
    reportNumber = "DSF-16-2005, IFIC-05-17, MPP-2005-36",
    doi = "10.1016/j.nuclphysb.2005.09.041",
    journal = "Nucl. Phys. B",
    volume = "729",
    pages = "221--234",
    year = "2005"
}

@article{Mangano:2001iu,
    author = "Mangano, G. and Miele, G. and Pastor, S. and Peloso, M.",
    title = "{A Precision calculation of the effective number of cosmological neutrinos}",
    eprint = "astro-ph/0111408",
    archivePrefix = "arXiv",
    reportNumber = "DSF-37-2001, MPI-PHT-2001-51",
    doi = "10.1016/S0370-2693(02)01622-2",
    journal = "Phys. Lett. B",
    volume = "534",
    pages = "8--16",
    year = "2002"
}

@article{deSalas:2016ztq,
    author = "de Salas, Pablo F. and Pastor, Sergio",
    title = "{Relic neutrino decoupling with flavour oscillations revisited}",
    eprint = "1606.06986",
    archivePrefix = "arXiv",
    primaryClass = "hep-ph",
    reportNumber = "IFIC-16-10, TTK-16-23",
    doi = "10.1088/1475-7516/2016/07/051",
    journal = "JCAP",
    volume = "07",
    pages = "051",
    year = "2016"
}

@article{Ando:2018qdb,
    author = "Ando, Kenta and Inomata, Keisuke and Kawasaki, Masahiro",
    title = "{Primordial black holes and uncertainties in the choice of the window function}",
    eprint = "1802.06393",
    archivePrefix = "arXiv",
    primaryClass = "astro-ph.CO",
    reportNumber = "IPMU-18-0033",
    doi = "10.1103/PhysRevD.97.103528",
    journal = "Phys. Rev. D",
    volume = "97",
    number = "10",
    pages = "103528",
    year = "2018"
}

@article{Inomata:2018epa,
    author = "Inomata, Keisuke and Nakama, Tomohiro",
    title = "{Gravitational waves induced by scalar perturbations as probes of the small-scale primordial spectrum}",
    eprint = "1812.00674",
    archivePrefix = "arXiv",
    primaryClass = "astro-ph.CO",
    reportNumber = "IPMU 18-0200",
    doi = "10.1103/PhysRevD.99.043511",
    journal = "Phys. Rev. D",
    volume = "99",
    number = "4",
    pages = "043511",
    year = "2019"
}

@article{Lewis:1999bs,
    author = "Lewis, Antony and Challinor, Anthony and Lasenby, Anthony",
    title = "{Efficient computation of CMB anisotropies in closed FRW models}",
    eprint = "astro-ph/9911177",
    archivePrefix = "arXiv",
    doi = "10.1086/309179",
    journal = "Astrophys. J.",
    volume = "538",
    pages = "473--476",
    year = "2000"
}

@article{Lewis:2002ah,
    author = "Lewis, Antony and Bridle, Sarah",
    title = "{Cosmological parameters from CMB and other data: A Monte Carlo approach}",
    eprint = "astro-ph/0205436",
    archivePrefix = "arXiv",
    doi = "10.1103/PhysRevD.66.103511",
    journal = "Phys. Rev. D",
    volume = "66",
    pages = "103511",
    year = "2002"
}

@article{Lewis:2013hha,
    author = "Lewis, Antony",
    title = "{Efficient sampling of fast and slow cosmological parameters}",
    eprint = "1304.4473",
    archivePrefix = "arXiv",
    primaryClass = "astro-ph.CO",
    doi = "10.1103/PhysRevD.87.103529",
    journal = "Phys. Rev. D",
    volume = "87",
    number = "10",
    pages = "103529",
    year = "2013"
}

@article{Ross:2014qpa,
    author = "Ross, Ashley J. and Samushia, Lado and Howlett, Cullan and Percival, Will J. and Burden, Angela and Manera, Marc",
    title = "{The clustering of the SDSS DR7 main Galaxy sample \textendash{} I. A 4 per cent distance measure at $z = 0.15$}",
    eprint = "1409.3242",
    archivePrefix = "arXiv",
    primaryClass = "astro-ph.CO",
    doi = "10.1093/mnras/stv154",
    journal = "Mon. Not. Roy. Astron. Soc.",
    volume = "449",
    number = "1",
    pages = "835--847",
    year = "2015"
}

@article{BOSS:2016wmc,
    author = "Alam, Shadab and others",
    collaboration = "BOSS",
    title = "{The clustering of galaxies in the completed SDSS-III Baryon Oscillation Spectroscopic Survey: cosmological analysis of the DR12 galaxy sample}",
    eprint = "1607.03155",
    archivePrefix = "arXiv",
    primaryClass = "astro-ph.CO",
    doi = "10.1093/mnras/stx721",
    journal = "Mon. Not. Roy. Astron. Soc.",
    volume = "470",
    number = "3",
    pages = "2617--2652",
    year = "2017"
}

@article{Beutler:2011hx,
    author = "Beutler, Florian and Blake, Chris and Colless, Matthew and Jones, D. Heath and Staveley-Smith, Lister and Campbell, Lachlan and Parker, Quentin and Saunders, Will and Watson, Fred",
    title = "{The 6dF Galaxy Survey: Baryon Acoustic Oscillations and the Local Hubble Constant}",
    eprint = "1106.3366",
    archivePrefix = "arXiv",
    primaryClass = "astro-ph.CO",
    doi = "10.1111/j.1365-2966.2011.19250.x",
    journal = "Mon. Not. Roy. Astron. Soc.",
    volume = "416",
    pages = "3017--3032",
    year = "2011"
}


@article{Howlett:2012mh,
    author = "Howlett, Cullan and Lewis, Antony and Hall, Alex and Challinor, Anthony",
    title = "{CMB power spectrum parameter degeneracies in the era of precision cosmology}",
    eprint = "1201.3654",
    archivePrefix = "arXiv",
    primaryClass = "astro-ph.CO",
    doi = "10.1088/1475-7516/2012/04/027",
    journal = "JCAP",
    volume = "04",
    pages = "027",
    year = "2012"
}

@article{ACT:2020frw,
    author = "Choi, Steve K. and others",
    collaboration = "ACT",
    title = "{The Atacama Cosmology Telescope: a measurement of the Cosmic Microwave Background power spectra at 98 and 150 GHz}",
    eprint = "2007.07289",
    archivePrefix = "arXiv",
    primaryClass = "astro-ph.CO",
    doi = "10.1088/1475-7516/2020/12/045",
    journal = "JCAP",
    volume = "12",
    pages = "045",
    year = "2020"
}

@article{ACT:2020gnv,
    author = "Aiola, Simone and others",
    collaboration = "ACT",
    title = "{The Atacama Cosmology Telescope: DR4 Maps and Cosmological Parameters}",
    eprint = "2007.07288",
    archivePrefix = "arXiv",
    primaryClass = "astro-ph.CO",
    doi = "10.1088/1475-7516/2020/12/047",
    journal = "JCAP",
    volume = "12",
    pages = "047",
    year = "2020"
}

@ARTICLE{Planck2018_like,
       author = {{Planck Collaboration} and {Aghanim}, N. and {Akrami}, Y. and {Ashdown}, M. and {Aumont}, J. and {Baccigalupi}, C. and {Ballardini}, M. and {Banday}, A.~J. and {Barreiro}, R.~B. and {Bartolo}, N. and {Basak}, S. and {Benabed}, K. and {Bernard}, J. -P. and {Bersanelli}, M. and {Bielewicz}, P. and {Bock}, J.~J. and {Bond}, J.~R. and {Borrill}, J. and {Bouchet}, F.~R. and {Boulanger}, F. and {Bucher}, M. and {Burigana}, C. and {Butler}, R.~C. and {Calabrese}, E. and {Cardoso}, J. -F. and {Carron}, J. and {Casaponsa}, B. and {Challinor}, A. and {Chiang}, H.~C. and {Colombo}, L.~P.~L. and {Combet}, C. and {Crill}, B.~P. and {Cuttaia}, F. and {de Bernardis}, P. and {de Rosa}, A. and {de Zotti}, G. and {Delabrouille}, J. and {Delouis}, J. -M. and {Di Valentino}, E. and {Diego}, J.~M. and {Dor{\'e}}, O. and {Douspis}, M. and {Ducout}, A. and {Dupac}, X. and {Dusini}, S. and {Efstathiou}, G. and {Elsner}, F. and {En{\ss}lin}, T.~A. and {Eriksen}, H.~K. and {Fantaye}, Y. and {Fernandez-Cobos}, R. and {Finelli}, F. and {Frailis}, M. and {Fraisse}, A.~A. and {Franceschi}, E. and {Frolov}, A. and {Galeotta}, S. and {Galli}, S. and {Ganga}, K. and {G{\'e}nova-Santos}, R.~T. and {Gerbino}, M. and {Ghosh}, T. and {Giraud-H{\'e}raud}, Y. and {Gonz{\'a}lez-Nuevo}, J. and {G{\'o}rski}, K.~M. and {Gratton}, S. and {Gruppuso}, A. and {Gudmundsson}, J.~E. and {Hamann}, J. and {Handley}, W. and {Hansen}, F.~K. and {Herranz}, D. and {Hivon}, E. and {Huang}, Z. and {Jaffe}, A.~H. and {Jones}, W.~C. and {Keih{\"a}nen}, E. and {Keskitalo}, R. and {Kiiveri}, K. and {Kim}, J. and {Kisner}, T.~S. and {Krachmalnicoff}, N. and {Kunz}, M. and {Kurki-Suonio}, H. and {Lagache}, G. and {Lamarre}, J. -M. and {Lasenby}, A. and {Lattanzi}, M. and {Lawrence}, C.~R. and {Le Jeune}, M. and {Levrier}, F. and {Lewis}, A. and {Liguori}, M. and {Lilje}, P.~B. and {Lilley}, M. and {Lindholm}, V. and {L{\'o}pez-Caniego}, M. and {Lubin}, P.~M. and {Ma}, Y. -Z. and {Mac{\'\i}as-P{\'e}rez}, J.~F. and {Maggio}, G. and {Maino}, D. and {Mandolesi}, N. and {Mangilli}, A. and {Marcos-Caballero}, A. and {Maris}, M. and {Martin}, P.~G. and {Mart{\'\i}nez-Gonz{\'a}lez}, E. and {Matarrese}, S. and {Mauri}, N. and {McEwen}, J.~D. and {Meinhold}, P.~R. and {Melchiorri}, A. and {Mennella}, A. and {Migliaccio}, M. and {Millea}, M. and {Miville-Desch{\^e}nes}, M. -A. and {Molinari}, D. and {Moneti}, A. and {Montier}, L. and {Morgante}, G. and {Moss}, A. and {Natoli}, P. and {N{\o}rgaard-Nielsen}, H.~U. and {Pagano}, L. and {Paoletti}, D. and {Partridge}, B. and {Patanchon}, G. and {Peiris}, H.~V. and {Perrotta}, F. and {Pettorino}, V. and {Piacentini}, F. and {Polenta}, G. and {Puget}, J. -L. and {Rachen}, J.~P. and {Reinecke}, M. and {Remazeilles}, M. and {Renzi}, A. and {Rocha}, G. and {Rosset}, C. and {Roudier}, G. and {Rubi{\~n}o-Mart{\'\i}n}, J.~A. and {Ruiz-Granados}, B. and {Salvati}, L. and {Sandri}, M. and {Savelainen}, M. and {Scott}, D. and {Shellard}, E.~P.~S. and {Sirignano}, C. and {Sirri}, G. and {Spencer}, L.~D. and {Sunyaev}, R. and {Suur-Uski}, A. -S. and {Tauber}, J.~A. and {Tavagnacco}, D. and {Tenti}, M. and {Toffolatti}, L. and {Tomasi}, M. and {Trombetti}, T. and {Valiviita}, J. and {Van Tent}, B. and {Vielva}, P. and {Villa}, F. and {Vittorio}, N. and {Wandelt}, B.~D. and {Wehus}, I.~K. and {Zacchei}, A. and {Zonca}, A.},
        title = "{Planck 2018 results. V. CMB power spectra and likelihoods}",
      journal = {\aap},
     keywords = {cosmic background radiation, cosmology: observations, cosmological parameters, methods: data analysis, Astrophysics - Cosmology and Nongalactic Astrophysics},
         year = 2020,
        month = sep,
       volume = {641},
          eid = {A5},
        pages = {A5},
          doi = {10.1051/0004-6361/201936386},
archivePrefix = {arXiv},
       eprint = {1907.12875},
 primaryClass = {astro-ph.CO},
       adsurl = {https://ui.adsabs.harvard.edu/abs/2020A&A...641A...5P},
      adsnote = {Provided by the SAO/NASA Astrophysics Data System}
}

@article{Planck:2019nip,
    author = "Aghanim, N. and others",
    collaboration = "Planck",
    title = "{Planck 2018 results. V. CMB power spectra and likelihoods}",
    eprint = "1907.12875",
    archivePrefix = "arXiv",
    primaryClass = "astro-ph.CO",
    doi = "10.1051/0004-6361/201936386",
    journal = "Astron. Astrophys.",
    volume = "641",
    pages = "A5",
    year = "2020"
}

@article{Planck:2018lbu,
    author = "Aghanim, N. and others",
    collaboration = "Planck",
    title = "{Planck 2018 results. VIII. Gravitational lensing}",
    eprint = "1807.06210",
    archivePrefix = "arXiv",
    primaryClass = "astro-ph.CO",
    doi = "10.1051/0004-6361/201833886",
    journal = "Astron. Astrophys.",
    volume = "641",
    pages = "A8",
    year = "2020"
}

@article{Serpico:2020ehh,
    author = "Serpico, Pasquale D. and Poulin, Vivian and Inman, Derek and Kohri, Kazunori",
    title = "{Cosmic microwave background bounds on primordial black holes including dark matter halo accretion}",
    eprint = "2002.10771",
    archivePrefix = "arXiv",
    primaryClass = "astro-ph.CO",
    reportNumber = "LAPTH-005/20, KEK-Cosmo-248, KEK-TH-2198, IPMU20-0021",
    doi = "10.1103/PhysRevResearch.2.023204",
    journal = "Phys. Rev. Res.",
    volume = "2",
    number = "2",
    pages = "023204",
    year = "2020"
}

@article{Green:2016xgy,
    author = "Green, Anne M.",
    title = "{Microlensing and dynamical constraints on primordial black hole dark matter with an extended mass function}",
    eprint = "1609.01143",
    archivePrefix = "arXiv",
    primaryClass = "astro-ph.CO",
    doi = "10.1103/PhysRevD.94.063530",
    journal = "Phys. Rev. D",
    volume = "94",
    number = "6",
    pages = "063530",
    year = "2016"
}

@article{Yokoyama:1998xd,
    author = "Yokoyama, Jun'ichi",
    title = "{Cosmological constraints on primordial black holes produced in the near critical gravitational collapse}",
    eprint = "gr-qc/9804041",
    archivePrefix = "arXiv",
    reportNumber = "YITP-98-23, SU-ITP-98-18",
    doi = "10.1103/PhysRevD.58.107502",
    journal = "Phys. Rev. D",
    volume = "58",
    pages = "107502",
    year = "1998"
}

@article{Niemeyer:1999ak,
    author = "Niemeyer, Jens C. and Jedamzik, K.",
    title = "{Dynamics of primordial black hole formation}",
    eprint = "astro-ph/9901292",
    archivePrefix = "arXiv",
    doi = "10.1103/PhysRevD.59.124013",
    journal = "Phys. Rev. D",
    volume = "59",
    pages = "124013",
    year = "1999"
}

@article{Bellomo:2017zsr,
    author = "Bellomo, Nicola and Bernal, Jos\'e Luis and Raccanelli, Alvise and Verde, Licia",
    title = "{Primordial Black Holes as Dark Matter: Converting Constraints from Monochromatic to Extended Mass Distributions}",
    eprint = "1709.07467",
    archivePrefix = "arXiv",
    primaryClass = "astro-ph.CO",
    doi = "10.1088/1475-7516/2018/01/004",
    journal = "JCAP",
    volume = "01",
    pages = "004",
    year = "2018"
}

@article{Pi:2017gih,
    author = "Pi, Shi and Zhang, Ying-li and Huang, Qing-Guo and Sasaki, Misao",
    title = "{Scalaron from $R^2$-gravity as a heavy field}",
    eprint = "1712.09896",
    archivePrefix = "arXiv",
    primaryClass = "astro-ph.CO",
    reportNumber = "YITP-17-135",
    doi = "10.1088/1475-7516/2018/05/042",
    journal = "JCAP",
    volume = "05",
    pages = "042",
    year = "2018"
}

@article{Garcia-Bellido:2017mdw,
    author = "Garcia-Bellido, Juan and Ruiz Morales, Ester",
    title = "{Primordial black holes from single field models of inflation}",
    eprint = "1702.03901",
    archivePrefix = "arXiv",
    primaryClass = "astro-ph.CO",
    reportNumber = "IFT-UAM-CSIC-17-007, CERN-TH-2017-196",
    doi = "10.1016/j.dark.2017.09.007",
    journal = "Phys. Dark Univ.",
    volume = "18",
    pages = "47--54",
    year = "2017"
}

@article{Aich:2019obd,
    author = "Aich, Moumita and Ma, Yin-Zhe and Dai, Wei-Ming and Xia, Jun-Qing",
    title = "{How much primordial tensor mode is allowed?}",
    eprint = "1912.00995",
    archivePrefix = "arXiv",
    primaryClass = "astro-ph.CO",
    doi = "10.1103/PhysRevD.101.063536",
    journal = "Phys. Rev. D",
    volume = "101",
    number = "6",
    pages = "063536",
    year = "2020"
}

@article{Hu:2017mde,
    author = "Hu, Wen-Rui and Wu, Yue-Liang",
    title = "{The Taiji Program in Space for gravitational wave physics and the nature of gravity}",
    doi = "10.1093/nsr/nwx116",
    journal = "Natl. Sci. Rev.",
    volume = "4",
    number = "5",
    pages = "685--686",
    year = "2017"
}

@article{TianQin:2015yph,
    author = "Luo, Jun and others",
    collaboration = "TianQin",
    title = "{TianQin: a space-borne gravitational wave detector}",
    eprint = "1512.02076",
    archivePrefix = "arXiv",
    primaryClass = "astro-ph.IM",
    doi = "10.1088/0264-9381/33/3/035010",
    journal = "Class. Quant. Grav.",
    volume = "33",
    number = "3",
    pages = "035010",
    year = "2016"
}

@ARTICLE{LISA:2017pwj,
        author="Pau Amaro-Seoane and others", 
        title = "{Laser Interferometer Space Antenna}",
      journal = {arXiv e-prints},
     keywords = {Astrophysics - Instrumentation and Methods for Astrophysics},
         year = 2017,
        month = feb,
          eid = {arXiv:1702.00786},
        pages = {arXiv:1702.00786},
archivePrefix = {arXiv},
       eprint = {1702.00786},
 primaryClass = {astro-ph.IM},
       adsurl = {https://ui.adsabs.harvard.edu/abs/2017arXiv170200786A},
      adsnote = {Provided by the SAO/NASA Astrophysics Data System}
}



@article{Moore:2014lga,
    author = "Moore, C. J. and Cole, R. H. and Berry, C. P. L.",
    title = "{Gravitational-wave sensitivity curves}",
    eprint = "1408.0740",
    archivePrefix = "arXiv",
    primaryClass = "gr-qc",
    reportNumber = "LIGO-P1400129",
    doi = "10.1088/0264-9381/32/1/015014",
    journal = "Class. Quant. Grav.",
    volume = "32",
    number = "1",
    pages = "015014",
    year = "2015"
}

@article{Janssen:2014dka,
    author = "Janssen, Gemma and others",
    editor = "Bourke, Tyler L. and others",
    title = "{Gravitational wave astronomy with the SKA}",
    eprint = "1501.00127",
    archivePrefix = "arXiv",
    primaryClass = "astro-ph.IM",
    doi = "10.22323/1.215.0037",
    journal = "PoS",
    volume = "AASKA14",
    pages = "037",
    year = "2015"
}

@article{Carilli:2004nx,
    author = "Carilli, Chris L. and Rawlings, S.",
    title = "{Science with the Square Kilometer Array: Motivation, key science projects, standards and assumptions}",
    eprint = "astro-ph/0409274",
    archivePrefix = "arXiv",
    doi = "10.1016/j.newar.2004.09.001",
    journal = "New Astron. Rev.",
    volume = "48",
    pages = "979",
    year = "2004"
}

@ARTICLE{CMB-S4:2016ple,
        author="Kevork N. Abazajian and others",
        title = "{CMB-S4 Science Book, First Edition}",
      journal = {arXiv e-prints},
     keywords = {Astrophysics - Cosmology and Nongalactic Astrophysics, General Relativity and Quantum Cosmology, High Energy Physics - Phenomenology, High Energy Physics - Theory},
         year = 2016,
        month = oct,
          eid = {arXiv:1610.02743},
        pages = {arXiv:1610.02743},
archivePrefix = {arXiv},
       eprint = {1610.02743},
 primaryClass = {astro-ph.CO},
       adsurl = {https://ui.adsabs.harvard.edu/abs/2016arXiv161002743A},
      adsnote = {Provided by the SAO/NASA Astrophysics Data System}
}

@article{Baumann:2016wac,
    author = "Baumann, Daniel and Green, Daniel and Wallisch, Benjamin",
    title = "{New Target for Cosmic Axion Searches}",
    eprint = "1604.08614",
    archivePrefix = "arXiv",
    primaryClass = "astro-ph.CO",
    doi = "10.1103/PhysRevLett.117.171301",
    journal = "Phys. Rev. Lett.",
    volume = "117",
    number = "17",
    pages = "171301",
    year = "2016"
}

@article{Baumann:2015rya,
    author = "Baumann, Daniel and Green, Daniel and Meyers, Joel and Wallisch, Benjamin",
    title = "{Phases of New Physics in the CMB}",
    eprint = "1508.06342",
    archivePrefix = "arXiv",
    primaryClass = "astro-ph.CO",
    doi = "10.1088/1475-7516/2016/01/007",
    journal = "JCAP",
    volume = "01",
    pages = "007",
    year = "2016"
}

@ARTICLE{Auffinger:2022khh,
       author = {{Auffinger}, J{\'e}r{\'e}my},
        title = "{Primordial black hole constraints with Hawking radiation -- a review}",
      journal = {arXiv e-prints},
     keywords = {Astrophysics - Cosmology and Nongalactic Astrophysics, Astrophysics - High Energy Astrophysical Phenomena, General Relativity and Quantum Cosmology, High Energy Physics - Phenomenology, High Energy Physics - Theory},
         year = 2022,
        month = jun,
          eid = {arXiv:2206.02672},
        pages = {arXiv:2206.02672},
archivePrefix = {arXiv},
       eprint = {2206.02672},
 primaryClass = {astro-ph.CO},
       adsurl = {https://ui.adsabs.harvard.edu/abs/2022arXiv220602672A},
      adsnote = {Provided by the SAO/NASA Astrophysics Data System}
}

@article{Li:2022mcf,
    author = "Li, Hai-Jun",
    title = "{Primordial black holes induced stochastic axion-photon oscillations in primordial magnetic field}",
    eprint = "2208.04605",
    archivePrefix = "arXiv",
    primaryClass = "astro-ph.CO",
    month = "8",
    year = "2022"
}

@article{Saha:2021pqf,
    author = "Saha, Akash Kumar and Laha, Ranjan",
    title = "{Sensitivities on nonspinning and spinning primordial black hole dark matter with global 21-cm troughs}",
    eprint = "2112.10794",
    archivePrefix = "arXiv",
    primaryClass = "astro-ph.CO",
    doi = "10.1103/PhysRevD.105.103026",
    journal = "Phys. Rev. D",
    volume = "105",
    number = "10",
    pages = "103026",
    year = "2022"
}

@article{Ray:2021mxu,
    author = "Ray, Anupam and Laha, Ranjan and Mu\~noz, Julian B. and Caputo, Regina",
    title = "{Near future MeV telescopes can discover asteroid-mass primordial black hole dark matter}",
    eprint = "2102.06714",
    archivePrefix = "arXiv",
    primaryClass = "astro-ph.CO",
    reportNumber = "TIFR/TH/21-1",
    doi = "10.1103/PhysRevD.104.023516",
    journal = "Phys. Rev. D",
    volume = "104",
    number = "2",
    pages = "023516",
    year = "2021"
}

@article{Laha:2020ivk,
    author = "Laha, Ranjan and Mu\~noz, Julian B. and Slatyer, Tracy R.",
    title = "{INTEGRAL constraints on primordial black holes and particle dark matter}",
    eprint = "2004.00627",
    archivePrefix = "arXiv",
    primaryClass = "astro-ph.CO",
    doi = "10.1103/PhysRevD.101.123514",
    journal = "Phys. Rev. D",
    volume = "101",
    number = "12",
    pages = "123514",
    year = "2020"
}

@article{Dasgupta:2019cae,
    author = "Dasgupta, Basudeb and Laha, Ranjan and Ray, Anupam",
    title = "{Neutrino and positron constraints on spinning primordial black hole dark matter}",
    eprint = "1912.01014",
    archivePrefix = "arXiv",
    primaryClass = "hep-ph",
    reportNumber = "CERN-TH-2019-212, TIFR/TH/19-40",
    doi = "10.1103/PhysRevLett.125.101101",
    journal = "Phys. Rev. Lett.",
    volume = "125",
    number = "10",
    pages = "101101",
    year = "2020"
}

@article{Laha:2019ssq,
    author = "Laha, Ranjan",
    title = "{Primordial Black Holes as a Dark Matter Candidate Are Severely Constrained by the Galactic Center 511 keV $\gamma$ -Ray Line}",
    eprint = "1906.09994",
    archivePrefix = "arXiv",
    primaryClass = "astro-ph.HE",
    reportNumber = "CERN-TH-2019-099",
    doi = "10.1103/PhysRevLett.123.251101",
    journal = "Phys. Rev. Lett.",
    volume = "123",
    number = "25",
    pages = "251101",
    year = "2019"
}

@article{Clark:2016nst,
    author = "Clark, Steven and Dutta, Bhaskar and Gao, Yu and Strigari, Louis E. and Watson, Scott",
    title = "{Planck Constraint on Relic Primordial Black Holes}",
    eprint = "1612.07738",
    archivePrefix = "arXiv",
    primaryClass = "astro-ph.CO",
    reportNumber = "MI-TH-1636, WSU-HEP-1609",
    doi = "10.1103/PhysRevD.95.083006",
    journal = "Phys. Rev. D",
    volume = "95",
    number = "8",
    pages = "083006",
    year = "2017"
}

@article{Clark:2018ghm,
    author = "Clark, Steven and Dutta, Bhaskar and Gao, Yu and Ma, Yin-Zhe and Strigari, Louis E.",
    title = "{21 cm limits on decaying dark matter and primordial black holes}",
    eprint = "1803.09390",
    archivePrefix = "arXiv",
    primaryClass = "astro-ph.HE",
    reportNumber = "MI-TH-1879",
    doi = "10.1103/PhysRevD.98.043006",
    journal = "Phys. Rev. D",
    volume = "98",
    number = "4",
    pages = "043006",
    year = "2018"
}

@article{Cang:2020aoo,
    author = "Cang, Junsong and Gao, Yu and Ma, Yinzhe",
    title = "{Prospects of Future CMB Anisotropy Probes for Primordial Black Holes}",
    eprint = "2011.12244",
    archivePrefix = "arXiv",
    primaryClass = "astro-ph.CO",
    doi = "10.1088/1475-7516/2021/05/051",
    journal = "JCAP",
    volume = "05",
    pages = "051",
    year = "2021"
}

@ARTICLE{Ali-Haimoud:2016mbv,
       author = {{Ali-Ha{\"\i}moud}, Yacine and {Kamionkowski}, Marc},
        title = "{Cosmic microwave background limits on accreting primordial black holes}",
      journal = {\prd},
     keywords = {Astrophysics - Cosmology and Nongalactic Astrophysics, Astrophysics - High Energy Astrophysical Phenomena},
         year = 2017,
        month = feb,
       volume = {95},
       number = {4},
          eid = {043534},
        pages = {043534},
          doi = {10.1103/PhysRevD.95.043534},
archivePrefix = {arXiv},
       eprint = {1612.05644},
 primaryClass = {astro-ph.CO},
       adsurl = {https://ui.adsabs.harvard.edu/abs/2017PhRvD..95d3534A},
      adsnote = {Provided by the SAO/NASA Astrophysics Data System}
}

@article{Tashiro:2012qe,
    author = "Tashiro, Hiroyuki and Sugiyama, Naoshi",
    title = "{The effect of primordial black holes on 21 cm fluctuations}",
    eprint = "1207.6405",
    archivePrefix = "arXiv",
    primaryClass = "astro-ph.CO",
    doi = "10.1093/mnras/stt1493",
    journal = "Mon. Not. Roy. Astron. Soc.",
    volume = "435",
    pages = "3001",
    year = "2013"
}

@article{Yang:2021idt,
    author = "Yang, Yupeng",
    title = "{Constraints on accreting primordial black holes with the global 21-cm signal}",
    eprint = "2108.11130",
    archivePrefix = "arXiv",
    primaryClass = "astro-ph.CO",
    doi = "10.1103/PhysRevD.104.063528",
    journal = "Phys. Rev. D",
    volume = "104",
    number = "6",
    pages = "063528",
    year = "2021"
}

@article{Yang:2021agk,
    author = "Yang, Yupeng",
    title = "{Influences of accreting primordial black holes on the global 21\,cm signal in the dark ages}",
    eprint = "2110.06447",
    archivePrefix = "arXiv",
    primaryClass = "astro-ph.CO",
    doi = "10.1093/mnras/stab2966",
    journal = "Mon. Not. Roy. Astron. Soc.",
    volume = "508",
    number = "4",
    pages = "5709--5715",
    year = "2021"
}

@article{Chen:2019xse,
    author = "Chen, Zu-Cheng and Yuan, Chen and Huang, Qing-Guo",
    title = "{Pulsar Timing Array Constraints on Primordial Black Holes with NANOGrav 11-Year Dataset}",
    eprint = "1910.12239",
    archivePrefix = "arXiv",
    primaryClass = "astro-ph.CO",
    doi = "10.1103/PhysRevLett.124.251101",
    journal = "Phys. Rev. Lett.",
    volume = "124",
    number = "25",
    pages = "251101",
    year = "2020"
}

@article{Wang:2016ana,
    author = "Wang, Sai and Wang, Yi-Fan and Huang, Qing-Guo and Li, Tjonnie G. F.",
    title = "{Constraints on the Primordial Black Hole Abundance from the First Advanced LIGO Observation Run Using the Stochastic Gravitational-Wave Background}",
    eprint = "1610.08725",
    archivePrefix = "arXiv",
    primaryClass = "astro-ph.CO",
    doi = "10.1103/PhysRevLett.120.191102",
    journal = "Phys. Rev. Lett.",
    volume = "120",
    number = "19",
    pages = "191102",
    year = "2018"
}

@article{Carr:2021bzv,
    author = "Carr, Bernard and Kuhnel, Florian",
    title = "{Primordial black holes as dark matter candidates}",
    eprint = "2110.02821",
    archivePrefix = "arXiv",
    primaryClass = "astro-ph.CO",
    doi = "10.21468/SciPostPhysLectNotes.48",
    journal = "SciPost Phys. Lect. Notes",
    volume = "48",
    pages = "1",
    year = "2022"
}

@article{Carr:2020gox,
    author = "Carr, Bernard and Kohri, Kazunori and Sendouda, Yuuiti and Yokoyama, Jun'ichi",
    title = "{Constraints on primordial black holes}",
    eprint = "2002.12778",
    archivePrefix = "arXiv",
    primaryClass = "astro-ph.CO",
    reportNumber = "RESCEU-03/20; KEK-Cosmo-249; KEK-TH-2199; IPMU20-0024",
    doi = "10.1088/1361-6633/ac1e31",
    journal = "Rept. Prog. Phys.",
    volume = "84",
    number = "11",
    pages = "116902",
    year = "2021"
}

@article{Carr:2016drx,
    author = "Carr, Bernard and Kuhnel, Florian and Sandstad, Marit",
    title = "{Primordial Black Holes as Dark Matter}",
    eprint = "1607.06077",
    archivePrefix = "arXiv",
    primaryClass = "astro-ph.CO",
    reportNumber = "NORDITA-2016-83",
    doi = "10.1103/PhysRevD.94.083504",
    journal = "Phys. Rev. D",
    volume = "94",
    number = "8",
    pages = "083504",
    year = "2016"
}


@article{Hawking:1971ei,
    author = "Hawking, Stephen",
    title = "{Gravitationally collapsed objects of very low mass}",
    journal = "Mon. Not. Roy. Astron. Soc.",
    volume = "152",
    pages = "75",
    year = "1971"
}

@article{Carr:1975qj,
    author = "Carr, Bernard J.",
    title = "{The Primordial black hole mass spectrum}",
    doi = "10.1086/153853",
    journal = "Astrophys. J.",
    volume = "201",
    pages = "1--19",
    year = "1975"
}

@article{Carr:1974nx,
    author = "Carr, Bernard J. and Hawking, S. W.",
    title = "{Black holes in the early Universe}",
    journal = "Mon. Not. Roy. Astron. Soc.",
    volume = "168",
    pages = "399--415",
    year = "1974"
}

@article{Carbone:2004iv,
    author = "Carbone, Carmelita and Matarrese, Sabino",
    title = "{A Unified treatment of cosmological perturbations from super-horizon to small scales}",
    eprint = "astro-ph/0407611",
    archivePrefix = "arXiv",
    reportNumber = "DFPD-04-A-18",
    doi = "10.1103/PhysRevD.71.043508",
    journal = "Phys. Rev. D",
    volume = "71",
    pages = "043508",
    year = "2005"
}

@article{Nakamura:2004rm,
    author = "Nakamura, Kouji",
    title = "{Second-order gauge invariant cosmological perturbation theory: Einstein equations in terms of gauge invariant variables}",
    eprint = "gr-qc/0605108",
    archivePrefix = "arXiv",
    doi = "10.1143/PTP.117.17",
    journal = "Prog. Theor. Phys.",
    volume = "117",
    pages = "17--74",
    year = "2007"
}

@article{Serpico:2019bcj,
    author = "Serpico, P.",
    editor = "Anagnostopoulos, Konstantinos and others",
    title = "{Cosmic microwave background as a probe of dark relics}",
    doi = "10.22323/1.347.0094",
    journal = "PoS",
    volume = "CORFU2018",
    pages = "094",
    year = "2019"
}

@article{Chacko:2015noa,
    author = "Chacko, Zackaria and Cui, Yanou and Hong, Sungwoo and Okui, Takemichi",
    title = "{Hidden dark matter sector, dark radiation, and the CMB}",
    eprint = "1505.04192",
    archivePrefix = "arXiv",
    primaryClass = "hep-ph",
    reportNumber = "UMD-PP-014-018",
    doi = "10.1103/PhysRevD.92.055033",
    journal = "Phys. Rev. D",
    volume = "92",
    pages = "055033",
    year = "2015"
}

@article{Takahashi:2019ypv,
    author = "Takahashi, Fuminobu and Yamada, Masaki",
    title = "{Anthropic Bound on Dark Radiation and its Implications for Reheating}",
    eprint = "1904.12864",
    archivePrefix = "arXiv",
    primaryClass = "astro-ph.CO",
    reportNumber = "TU-1086; IPMU19-0059",
    doi = "10.1088/1475-7516/2019/07/001",
    journal = "JCAP",
    volume = "07",
    pages = "001",
    year = "2019"
}

@article{Carr:2019kxo,
    author = {Carr, Bernard and Clesse, Sebastien and Garc\'\i{}a-Bellido, Juan and K\"uhnel, Florian},
    title = "{Cosmic conundra explained by thermal history and primordial black holes}",
    eprint = "1906.08217",
    archivePrefix = "arXiv",
    primaryClass = "astro-ph.CO",
    doi = "10.1016/j.dark.2020.100755",
    journal = "Phys. Dark Univ.",
    volume = "31",
    pages = "100755",
    year = "2021"
}

@article{Bean:2002kx,
    author = "Bean, Rachel and Magueijo, Joao",
    title = "{Could supermassive black holes be quintessential primordial black holes?}",
    eprint = "astro-ph/0204486",
    archivePrefix = "arXiv",
    doi = "10.1103/PhysRevD.66.063505",
    journal = "Phys. Rev. D",
    volume = "66",
    pages = "063505",
    year = "2002"
}

@article{LIGOScientific:2018mvr,
    author = "Abbott, B. P. and others",
    collaboration = "LIGO Scientific, Virgo",
    title = "{GWTC-1: A Gravitational-Wave Transient Catalog of Compact Binary Mergers Observed by LIGO and Virgo during the First and Second Observing Runs}",
    eprint = "1811.12907",
    archivePrefix = "arXiv",
    primaryClass = "astro-ph.HE",
    reportNumber = "LIGO-P1800307",
    doi = "10.1103/PhysRevX.9.031040",
    journal = "Phys. Rev. X",
    volume = "9",
    number = "3",
    pages = "031040",
    year = "2019"
}

@article{Jedamzik:2020omx,
    author = "Jedamzik, Karsten",
    title = "{Consistency of Primordial Black Hole Dark Matter with LIGO/Virgo Merger Rates}",
    eprint = "2007.03565",
    archivePrefix = "arXiv",
    primaryClass = "astro-ph.CO",
    doi = "10.1103/PhysRevLett.126.051302",
    journal = "Phys. Rev. Lett.",
    volume = "126",
    number = "5",
    pages = "051302",
    year = "2021"
}

@article{Green:2019glg,
    author = "Green, Daniel and others",
    title = "{Messengers from the Early Universe: Cosmic Neutrinos and Other Light Relics}",
    eprint = "1903.04763",
    archivePrefix = "arXiv",
    primaryClass = "astro-ph.CO",
    reportNumber = "FERMILAB-PUB-19-099-A-AE-CD",
    journal = "Bull. Am. Astron. Soc.",
    volume = "51",
    number = "7",
    pages = "159",
    year = "2019"
}

@INPROCEEDINGS{Alvarez:2019rhd,
        author = "Hanany, Shaul and others",
        title = "{PICO: Probe of Inflation and Cosmic Origins}",
     keywords = {Astrophysics - Instrumentation and Methods for Astrophysics, Astrophysics - Cosmology and Nongalactic Astrophysics, Astrophysics - Astrophysics of Galaxies, High Energy Physics - Theory},
    booktitle = {Bulletin of the American Astronomical Society},
         year = 2019,
       volume = {51},
        month = sep,
          eid = {194},
        pages = {194},
archivePrefix = {arXiv},
       eprint = {1908.07495},
 primaryClass = {astro-ph.IM},
       adsurl = {https://ui.adsabs.harvard.edu/abs/2019BAAS...51g.194H},
      adsnote = {Provided by the SAO/NASA Astrophysics Data System}
}

@article{CORE:2016npo,
    author = "Di Valentino, Eleonora and others",
    collaboration = "CORE",
    title = "{Exploring cosmic origins with CORE: Cosmological parameters}",
    eprint = "1612.00021",
    archivePrefix = "arXiv",
    primaryClass = "astro-ph.CO",
    doi = "10.1088/1475-7516/2018/04/017",
    journal = "JCAP",
    volume = "04",
    pages = "017",
    year = "2018"
}

@article{Zhang:2021ecp,
    author = "Zhang, Dongdong and Li, Jiarui and Yang, Jiaqi and Zhang, Yufei and Cai, Yi-Fu and Fang, Wenjuan and Feng, Chang",
    title = "{Future prospects on constraining neutrino cosmology with the Ali CMB Polarization Telescope}",
    eprint = "2112.10539",
    archivePrefix = "arXiv",
    primaryClass = "astro-ph.CO",
    month = "12",
    year = "2021"
}

@article{Follin:2015hya,
    author = "Follin, Brent and Knox, Lloyd and Millea, Marius and Pan, Zhen",
    title = "{First Detection of the Acoustic Oscillation Phase Shift Expected from the Cosmic Neutrino Background}",
    eprint = "1503.07863",
    archivePrefix = "arXiv",
    primaryClass = "astro-ph.CO",
    doi = "10.1103/PhysRevLett.115.091301",
    journal = "Phys. Rev. Lett.",
    volume = "115",
    number = "9",
    pages = "091301",
    year = "2015"
}

@article{Hou:2011ec,
    author = "Hou, Zhen and Keisler, Ryan and Knox, Lloyd and Millea, Marius and Reichardt, Christian",
    title = "{How Massless Neutrinos Affect the Cosmic Microwave Background Damping Tail}",
    eprint = "1104.2333",
    archivePrefix = "arXiv",
    primaryClass = "astro-ph.CO",
    doi = "10.1103/PhysRevD.87.083008",
    journal = "Phys. Rev. D",
    volume = "87",
    pages = "083008",
    year = "2013"
}

@article{Planck:2015fie,
    author = "Ade, P. A. R. and others",
    collaboration = "Planck",
    title = "{Planck 2015 results. XIII. Cosmological parameters}",
    eprint = "1502.01589",
    archivePrefix = "arXiv",
    primaryClass = "astro-ph.CO",
    doi = "10.1051/0004-6361/201525830",
    journal = "Astron. Astrophys.",
    volume = "594",
    pages = "A13",
    year = "2016"
}


@article{Byrnes:2018txb,
    author = "Byrnes, Christian T. and Cole, Philippa S. and Patil, Subodh P.",
    title = "{Steepest growth of the power spectrum and primordial black holes}",
    eprint = "1811.11158",
    archivePrefix = "arXiv",
    primaryClass = "astro-ph.CO",
    doi = "10.1088/1475-7516/2019/06/028",
    journal = "JCAP",
    volume = "06",
    pages = "028",
    year = "2019"
}

@article{Green:2020jor,
    author = "Green, Anne M. and Kavanagh, Bradley J.",
    title = "{Primordial Black Holes as a dark matter candidate}",
    eprint = "2007.10722",
    archivePrefix = "arXiv",
    primaryClass = "astro-ph.CO",
    doi = "10.1088/1361-6471/abc534",
    journal = "J. Phys. G",
    volume = "48",
    number = "4",
    pages = "043001",
    year = "2021"
}


@article{Bringmann:2011ut,
    author = "Bringmann, Torsten and Scott, Pat and Akrami, Yashar",
    title = "{Improved constraints on the primordial power spectrum at small scales from ultracompact minihalos}",
    eprint = "1110.2484",
    archivePrefix = "arXiv",
    primaryClass = "astro-ph.CO",
    doi = "10.1103/PhysRevD.85.125027",
    journal = "Phys. Rev. D",
    volume = "85",
    pages = "125027",
    year = "2012"
}

@article{Josan:2009qn,
    author = "Josan, Amandeep S. and Green, Anne M. and Malik, Karim A.",
    title = "{Generalised constraints on the curvature perturbation from primordial black holes}",
    eprint = "0903.3184",
    archivePrefix = "arXiv",
    primaryClass = "astro-ph.CO",
    doi = "10.1103/PhysRevD.79.103520",
    journal = "Phys. Rev. D",
    volume = "79",
    pages = "103520",
    year = "2009"
}

@article{Yokoyama:1998pt,
    author = "Yokoyama, Jun'ichi",
    title = "{Chaotic new inflation and formation of primordial black holes}",
    eprint = "astro-ph/9802357",
    archivePrefix = "arXiv",
    reportNumber = "YITP-98-10, SU-ITP-98-04",
    doi = "10.1103/PhysRevD.58.083510",
    journal = "Phys. Rev. D",
    volume = "58",
    pages = "083510",
    year = "1998"
}

@article{Kannike:2017bxn,
    author = {Kannike, Kristjan and Marzola, Luca and Raidal, Martti and Veerm\"ae, Hardi},
    title = "{Single Field Double Inflation and Primordial Black Holes}",
    eprint = "1705.06225",
    archivePrefix = "arXiv",
    primaryClass = "astro-ph.CO",
    doi = "10.1088/1475-7516/2017/09/020",
    journal = "JCAP",
    volume = "09",
    pages = "020",
    year = "2017"
}

@article{Kawasaki:1997ju,
    author = "Kawasaki, M. and Sugiyama, N. and Yanagida, T.",
    title = "{Primordial black hole formation in a double inflation model in supergravity}",
    eprint = "hep-ph/9710259",
    archivePrefix = "arXiv",
    reportNumber = "KUNS-1470, ICRR-413-98-9",
    doi = "10.1103/PhysRevD.57.6050",
    journal = "Phys. Rev. D",
    volume = "57",
    pages = "6050--6056",
    year = "1998"
}

@article{Kohri:2012yw,
    author = "Kohri, Kazunori and Lin, Chia-Min and Matsuda, Tomohiro",
    title = "{Primordial black holes from the inflating curvaton}",
    eprint = "1211.2371",
    archivePrefix = "arXiv",
    primaryClass = "hep-ph",
    reportNumber = "KEK-TH-1590, KEK-COSMO-107",
    doi = "10.1103/PhysRevD.87.103527",
    journal = "Phys. Rev. D",
    volume = "87",
    number = "10",
    pages = "103527",
    year = "2013"
}

@article{Cai:2019bmk,
    author = "Cai, Rong-Gen and Guo, Zong-Kuan and Liu, Jing and Liu, Lang and Yang, Xing-Yu",
    title = "{Primordial black holes and gravitational waves from parametric amplification of curvature perturbations}",
    eprint = "1912.10437",
    archivePrefix = "arXiv",
    primaryClass = "astro-ph.CO",
    doi = "10.1088/1475-7516/2020/06/013",
    journal = "JCAP",
    volume = "06",
    pages = "013",
    year = "2020"
}

@article{Inoue:2017csr,
    author = "Inoue, Yoshiyuki and Kusenko, Alexander",
    title = "{New X-ray bound on density of primordial black holes}",
    eprint = "1705.00791",
    archivePrefix = "arXiv",
    primaryClass = "astro-ph.CO",
    doi = "10.1088/1475-7516/2017/10/034",
    journal = "JCAP",
    volume = "10",
    pages = "034",
    year = "2017"
}


@article{Hunt:2015iua,
    author = "Hunt, Paul and Sarkar, Subir",
    title = "{Search for features in the spectrum of primordial perturbations using Planck and other datasets}",
    eprint = "1510.03338",
    archivePrefix = "arXiv",
    primaryClass = "astro-ph.CO",
    doi = "10.1088/1475-7516/2015/12/052",
    journal = "JCAP",
    volume = "12",
    pages = "052",
    year = "2015"
}


@article{Kohri:2014lza,
    author = "Kohri, Kazunori and Nakama, Tomohiro and Suyama, Teruaki",
    title = "{Testing scenarios of primordial black holes being the seeds of supermassive black holes by ultracompact minihalos and CMB $\mu$-distortions}",
    eprint = "1405.5999",
    archivePrefix = "arXiv",
    primaryClass = "astro-ph.CO",
    reportNumber = "KEK-TH-1736, KEK-COSMO-146, RESCEU-9-14",
    doi = "10.1103/PhysRevD.90.083514",
    journal = "Phys. Rev. D",
    volume = "90",
    number = "8",
    pages = "083514",
    year = "2014"
}

@article{Chluba:2012we,
    author = "Chluba, Jens and Erickcek, Adrienne L. and Ben-Dayan, Ido",
    title = "{Probing the inflaton: Small-scale power spectrum constraints from measurements of the CMB energy spectrum}",
    eprint = "1203.2681",
    archivePrefix = "arXiv",
    primaryClass = "astro-ph.CO",
    doi = "10.1088/0004-637X/758/2/76",
    journal = "Astrophys. J.",
    volume = "758",
    pages = "76",
    year = "2012"
}


@article{Kohri:2018awv,
    author = "Kohri, Kazunori and Terada, Takahiro",
    title = "{Semianalytic calculation of gravitational wave spectrum nonlinearly induced from primordial curvature perturbations}",
    eprint = "1804.08577",
    archivePrefix = "arXiv",
    primaryClass = "gr-qc",
    reportNumber = "KEK-TH-2046, KEK-COSMO-223",
    doi = "10.1103/PhysRevD.97.123532",
    journal = "Phys. Rev. D",
    volume = "97",
    number = "12",
    pages = "123532",
    year = "2018"
}

@article{Khlopov:2008qy,
    author = "Khlopov, Maxim Yu.",
    title = "{Primordial Black Holes}",
    eprint = "0801.0116",
    archivePrefix = "arXiv",
    primaryClass = "astro-ph",
    doi = "10.1088/1674-4527/10/6/001",
    journal = "Res. Astron. Astrophys.",
    volume = "10",
    pages = "495--528",
    year = "2010"
}

@article{Belotsky:2014kca,
    author = "Belotsky, K. M. and Dmitriev, A. D. and Esipova, E. A. and Gani, V. A. and Grobov, A. V. and Khlopov, M. Yu. and Kirillov, A. A. and Rubin, S. G. and Svadkovsky, I. V.",
    title = "{Signatures of primordial black hole dark matter}",
    eprint = "1410.0203",
    archivePrefix = "arXiv",
    primaryClass = "astro-ph.CO",
    doi = "10.1142/S0217732314400057",
    journal = "Mod. Phys. Lett. A",
    volume = "29",
    number = "37",
    pages = "1440005",
    year = "2014"
}

@article{Belotsky:2018wph,
    author = "Belotsky, Konstantin M. and Dokuchaev, Vyacheslav I. and Eroshenko, Yury N. and Esipova, Ekaterina A. and Khlopov, Maxim Yu. and Khromykh, Leonid A. and Kirillov, Alexander A. and Nikulin, Valeriy V. and Rubin, Sergey G. and Svadkovsky, Igor V.",
    title = "{Clusters of primordial black holes}",
    eprint = "1807.06590",
    archivePrefix = "arXiv",
    primaryClass = "astro-ph.CO",
    doi = "10.1140/epjc/s10052-019-6741-4",
    journal = "Eur. Phys. J. C",
    volume = "79",
    number = "3",
    pages = "246",
    year = "2019"
}

@article{Ashoorioon:2022raz,
    author = "Ashoorioon, Amjad and Rezazadeh, Kazem and Rostami, Abasalt",
    title = "{NANOGrav signal from the end of inflation and the LIGO mass and heavier primordial black holes}",
    eprint = "2202.01131",
    archivePrefix = "arXiv",
    primaryClass = "astro-ph.CO",
    reportNumber = "IPM/P-2022/06",
    doi = "10.1016/j.physletb.2022.137542",
    journal = "Phys. Lett. B",
    volume = "835",
    pages = "137542",
    year = "2022"
}

@article{Ashoorioon:2020hln,
    author = "Ashoorioon, Amjad and Rostami, Abasalt and Firouzjaee, Javad T.",
    title = "{Examining the end of inflation with primordial black holes mass distribution and gravitational waves}",
    eprint = "2012.02817",
    archivePrefix = "arXiv",
    primaryClass = "astro-ph.CO",
    reportNumber = "IPM/P-2020/059",
    doi = "10.1103/PhysRevD.103.123512",
    journal = "Phys. Rev. D",
    volume = "103",
    pages = "123512",
    year = "2021"
}

@article{Ashoorioon:2019xqc,
    author = "Ashoorioon, Amjad and Rostami, Abasalt and Firouzjaee, Javad T.",
    title = "{EFT compatible PBHs: effective spawning of the seeds for primordial black holes during inflation}",
    eprint = "1912.13326",
    archivePrefix = "arXiv",
    primaryClass = "astro-ph.CO",
    reportNumber = "IPM/P-2019/018",
    doi = "10.1007/JHEP07(2021)087",
    journal = "JHEP",
    volume = "07",
    pages = "087",
    year = "2021"
}

@article{Domenech:2020ssp,
    author = "Dom\`enech, Guillem and Lin, Chunshan and Sasaki, Misao",
    title = "{Gravitational wave constraints on the primordial black hole dominated early universe}",
    eprint = "2012.08151",
    archivePrefix = "arXiv",
    primaryClass = "gr-qc",
    reportNumber = "YITP-20-156",
    doi = "10.1088/1475-7516/2021/11/E01",
    journal = "JCAP",
    volume = "04",
    pages = "062",
    year = "2021",
    note = "[Erratum: JCAP 11, E01 (2021)]"
}

@article{Domenech:2021wkk,
    author = "Dom\`enech, Guillem and Takhistov, Volodymyr and Sasaki, Misao",
    title = "{Exploring evaporating primordial black holes with gravitational waves}",
    eprint = "2105.06816",
    archivePrefix = "arXiv",
    primaryClass = "astro-ph.CO",
    reportNumber = "IPMU21-0028, YITP-21-44",
    doi = "10.1016/j.physletb.2021.136722",
    journal = "Phys. Lett. B",
    volume = "823",
    pages = "136722",
    year = "2021"
}

@ARTICLE{Karam:2022nym,
       author = {{Karam}, Alexandros and {Koivunen}, Niko and {Tomberg}, Eemeli and {Vaskonen}, Ville and {Veerm{\"a}e}, Hardi},
        title = "{Anatomy of single-field inflationary models for primordial black holes}",
      journal = {arXiv e-prints},
     keywords = {Astrophysics - Cosmology and Nongalactic Astrophysics, General Relativity and Quantum Cosmology, High Energy Physics - Phenomenology, High Energy Physics - Theory},
         year = 2022,
        month = may,
          eid = {arXiv:2205.13540},
        pages = {arXiv:2205.13540},
archivePrefix = {arXiv},
       eprint = {2205.13540},
 primaryClass = {astro-ph.CO},
       adsurl = {https://ui.adsabs.harvard.edu/abs/2022arXiv220513540K},
      adsnote = {Provided by the SAO/NASA Astrophysics Data System}
}


@article{Vaskonen:2020lbd,
    author = {Vaskonen, Ville and Veerm\"ae, Hardi},
    title = "{Did NANOGrav see a signal from primordial black hole formation?}",
    eprint = "2009.07832",
    archivePrefix = "arXiv",
    primaryClass = "astro-ph.CO",
    doi = "10.1103/PhysRevLett.126.051303",
    journal = "Phys. Rev. Lett.",
    volume = "126",
    number = "5",
    pages = "051303",
    year = "2021"
}

@article{Hutsi:2020sol,
    author = {H\"utsi, Gert and Raidal, Martti and Vaskonen, Ville and Veerm\"ae, Hardi},
    title = "{Two populations of LIGO-Virgo black holes}",
    eprint = "2012.02786",
    archivePrefix = "arXiv",
    primaryClass = "astro-ph.CO",
    doi = "10.1088/1475-7516/2021/03/068",
    journal = "JCAP",
    volume = "03",
    pages = "068",
    year = "2021"
}

@article{Mittal:2021egv,
    author = "Mittal, Shikhar and Ray, Anupam and Kulkarni, Girish and Dasgupta, Basudeb",
    title = "{Constraining primordial black holes as dark matter using the global 21-cm signal with X-ray heating and excess radio background}",
    eprint = "2107.02190",
    archivePrefix = "arXiv",
    primaryClass = "astro-ph.CO",
    reportNumber = "TIFR/TH/21-6",
    doi = "10.1088/1475-7516/2022/03/030",
    journal = "JCAP",
    volume = "03",
    pages = "030",
    year = "2022"
}

@ARTICLE{Wang:2022nml,
       author = {{Wang}, Xinpeng and {Zhang}, Ying-li and {Kimura}, Rampei and {Yamaguchi}, Masahide},
        title = "{Reconstruction of Power Spectrum of Primordial Curvature Perturbations on small scales from Primordial Black Hole Binaries scenario of LIGO/VIRGO detection}",
      journal = {arXiv e-prints},
     keywords = {Astrophysics - Cosmology and Nongalactic Astrophysics, General Relativity and Quantum Cosmology, High Energy Physics - Theory},
         year = 2022,
        month = sep,
          eid = {arXiv:2209.12911},
        pages = {arXiv:2209.12911},
archivePrefix = {arXiv},
       eprint = {2209.12911},
 primaryClass = {astro-ph.CO},
       adsurl = {https://ui.adsabs.harvard.edu/abs/2022arXiv220912911W},
      adsnote = {Provided by the SAO/NASA Astrophysics Data System}
}

@article{Kimura:2021sqz,
    author = "Kimura, Rampei and Suyama, Teruaki and Yamaguchi, Masahide and Zhang, Ying-Li",
    title = "{Reconstruction of Primordial Power Spectrum of curvature perturbation from the merger rate of Primordial Black Hole Binaries}",
    eprint = "2102.05280",
    archivePrefix = "arXiv",
    primaryClass = "astro-ph.CO",
    doi = "10.1088/1475-7516/2021/04/031",
    journal = "JCAP",
    volume = "04",
    pages = "031",
    year = "2021"
}

@ARTICLE{Meerburg:2015zua,
       author = {{Meerburg}, P. Daniel and {Hlo{\v{z}}ek}, Ren{\'e}e and {Hadzhiyska}, Boryana and {Meyers}, Joel},
        title = "{Multiwavelength constraints on the inflationary consistency relation}",
      journal = {\prd},
     keywords = {98.80.-k, 98.70.Vc, 98.80.Es, Cosmology, Background radiations, Observational cosmology, Astrophysics - Cosmology and Nongalactic Astrophysics},
         year = 2015,
        month = may,
       volume = {91},
       number = {10},
          eid = {103505},
        pages = {103505},
          doi = {10.1103/PhysRevD.91.103505},
archivePrefix = {arXiv},
       eprint = {1502.00302},
 primaryClass = {astro-ph.CO},
       adsurl = {https://ui.adsabs.harvard.edu/abs/2015PhRvD..91j3505M},
      adsnote = {Provided by the SAO/NASA Astrophysics Data System}
}



@article{Zhou:2021tvp,
    author = "Zhou, Huan and Lian, Yujie and Li, Zhengxiang and Cao, Shuo and Huang, Zhiqi",
    title = "{Constraints on the abundance of supermassive primordial black holes from lensing of compact radio sources}",
    eprint = "2106.11705",
    archivePrefix = "arXiv",
    primaryClass = "astro-ph.CO",
    doi = "10.1093/mnras/stac915",
    journal = "Mon. Not. Roy. Astron. Soc.",
    volume = "513",
    number = "3",
    pages = "3627--3633",
    year = "2022"
}

@article{Nagasawa:2005hv,
    author = "Nagasawa, M.",
    editor = "McClelland, D. E. and Scott, S. M.",
    title = "{Primordial black hole formation by stabilized embedded strings in the early universe}",
    doi = "10.1007/s10714-005-0141-9",
    journal = "Gen. Rel. Grav.",
    volume = "37",
    pages = "1635--1649",
    year = "2005"
}

@article{Polnarev:1988dh,
    author = "Polnarev, Alexander and Zembowicz, Robert",
    title = "{Formation of Primordial Black Holes by Cosmic Strings}",
    reportNumber = "CAMK-194",
    doi = "10.1103/PhysRevD.43.1106",
    journal = "Phys. Rev. D",
    volume = "43",
    pages = "1106--1109",
    year = "1991"
}

@article{Hansen:1999su,
    author = "Hansen, R. N. and Christensen, M. and Larsen, A. L.",
    title = "{Cosmic string loops collapsing to black holes}",
    eprint = "gr-qc/9902048",
    archivePrefix = "arXiv",
    doi = "10.1142/S0217751X00001450",
    journal = "Int. J. Mod. Phys. A",
    volume = "15",
    pages = "4433--4446",
    year = "2000"
}

@article{Hawking:1987bn,
    author = "Hawking, S. W.",
    title = "{Black Holes From Cosmic Strings}",
    reportNumber = "Print-88-0310 (CAMBRIDGE)",
    doi = "10.1016/0370-2693(89)90206-2",
    journal = "Phys. Lett. B",
    volume = "231",
    pages = "237--239",
    year = "1989"
}

@article{Hogan:1984zb,
    author = "Hogan, C. J.",
    title = "{MASSIVE BLACK HOLES GENERATED BY COSMIC STRINGS}",
    doi = "10.1016/0370-2693(84)90810-4",
    journal = "Phys. Lett. B",
    volume = "143",
    pages = "87--91",
    year = "1984"
}

@article{Crawford:1982yz,
    author = "Crawford, Matt and Schramm, David N.",
    title = "{Spontaneous Generation of Density Perturbations in the Early Universe}",
    reportNumber = "EFI-82-04-CHICAGO",
    doi = "10.1038/298538a0",
    journal = "Nature",
    volume = "298",
    pages = "538--540",
    year = "1982"
}

@article{Hawking:1982ga,
    author = "Hawking, S. W. and Moss, I. G. and Stewart, J. M.",
    title = "{Bubble Collisions in the Very Early Universe}",
    reportNumber = "Print-82-0180 (CAMBRIDGE)",
    doi = "10.1103/PhysRevD.26.2681",
    journal = "Phys. Rev. D",
    volume = "26",
    pages = "2681",
    year = "1982"
}

@article{La:1989st,
    author = "La, Daile and Steinhardt, Paul J.",
    title = "{Bubble Percolation in Extended Inflationary Models}",
    reportNumber = "PRINT-89-0108 (PENN-U.)",
    doi = "10.1016/0370-2693(89)90890-3",
    journal = "Phys. Lett. B",
    volume = "220",
    pages = "375--378",
    year = "1989"
}

@article{SPT-3G:2022hvq,
    author = "Balkenhol, L. and others",
    collaboration = "SPT-3G",
    title = "{A Measurement of the CMB Temperature Power Spectrum and Constraints on Cosmology from the SPT-3G 2018 TT/TE/EE Data Set}",
    eprint = "2212.05642",
    archivePrefix = "arXiv",
    primaryClass = "astro-ph.CO",
    reportNumber = "FERMILAB-PUB-22-953-PPD",
    month = "12",
    year = "2022"
}

@article{Riess:2018uxu,
    author = "Riess, Adam G. and others",
    title = "{New Parallaxes of Galactic Cepheids from Spatially Scanning the Hubble Space Telescope: Implications for the Hubble Constant}",
    eprint = "1801.01120",
    archivePrefix = "arXiv",
    primaryClass = "astro-ph.SR",
    doi = "10.3847/1538-4357/aaadb7",
    journal = "Astrophys. J.",
    volume = "855",
    number = "2",
    pages = "136",
    year = "2018"
}

@article{Riess:2016jrr,
    author = "Riess, Adam G. and others",
    title = "{A 2.4\% Determination of the Local Value of the Hubble Constant}",
    eprint = "1604.01424",
    archivePrefix = "arXiv",
    primaryClass = "astro-ph.CO",
    doi = "10.3847/0004-637X/826/1/56",
    journal = "Astrophys. J.",
    volume = "826",
    number = "1",
    pages = "56",
    year = "2016"
}

@article{Niikura:2017zjd,
    author = "Niikura, Hiroko and others",
    title = "{Microlensing constraints on primordial black holes with Subaru/HSC Andromeda observations}",
    eprint = "1701.02151",
    archivePrefix = "arXiv",
    primaryClass = "astro-ph.CO",
    doi = "10.1038/s41550-019-0723-1",
    journal = "Nature Astron.",
    volume = "3",
    number = "6",
    pages = "524--534",
    year = "2019"
}

@article{EROS-2:2006ryy,
    author = "Tisserand, P. and others",
    collaboration = "EROS-2",
    title = "{Limits on the Macho Content of the Galactic Halo from the EROS-2 Survey of the Magellanic Clouds}",
    eprint = "astro-ph/0607207",
    archivePrefix = "arXiv",
    doi = "10.1051/0004-6361:20066017",
    journal = "Astron. Astrophys.",
    volume = "469",
    pages = "387--404",
    year = "2007"
}

@article{Brandt:2016aco,
    author = "Brandt, Timothy D.",
    title = "{Constraints on MACHO Dark Matter from Compact Stellar Systems in Ultra-Faint Dwarf Galaxies}",
    eprint = "1605.03665",
    archivePrefix = "arXiv",
    primaryClass = "astro-ph.GA",
    doi = "10.3847/2041-8205/824/2/L31",
    journal = "Astrophys. J. Lett.",
    volume = "824",
    number = "2",
    pages = "L31",
    year = "2016"
}

@ARTICLE{1985ApJ...299..633L,
       author = {{Lacey}, C.~G. and {Ostriker}, J.~P.},
        title = "{Massive black holes in galactic halos ?}",
      journal = {\apj},
     keywords = {Black Holes (Astronomy), Galactic Structure, Star Distribution, Brightness Distribution, Chronology, Dark Matter, Dwarf Galaxies, Ellipsoids, Gravitational Lenses, Radii, Stellar Motions, Velocity Distribution, Astrophysics},
         year = 1985,
        month = dec,
       volume = {299},
        pages = {633-652},
          doi = {10.1086/163729},
       adsurl = {https://ui.adsabs.harvard.edu/abs/1985ApJ...299..633L},
      adsnote = {Provided by the SAO/NASA Astrophysics Data System}
}



@article{Carr_1999,
doi = {10.1086/307071},
url = {https://dx.doi.org/10.1086/307071},
year = {1999},
month = {may},
publisher = {},
volume = {516},
number = {1},
pages = {195},
author = {B. J. Carr and M. Sakellariadou},
title = {Dynamical Constraints on Dark Matter in Compact Objects},
journal = {The Astrophysical Journal},
abstract = {Many of the baryons in the universe are dark and at least some of the dark baryons could be in the form of compact objects. Such objects could be in various locations—galactic disks, galactic halos, clusters of galaxies, or intergalactic space—and each of these is associated with a dark matter problem. For each site we consider the various dynamical constraints that can be placed on the fraction of the dark matter in compact objects of different mass. Small compact objects in the Galaxy are constrained byupper limits on their encounter rate with the Earth and solar system since they would resemble meteors or comets. Larger objects are constrained by the disruptive or disturbing effects they would have on various astronomical systems. For disk objects, the most interesting constraints come from the disruption of binary stars or open star clusters. For halo objects, they come from the disruption of globular clusters, the heating of the Galactic disk, and their accumulation in the Galactic nucleus as a result of dynamical friction. For cluster objects, they come from the tidal distortion and disruption of galaxies. For intergalactic objects, they come from the upper limit on the peculiar motions induced in galaxies. We also apply these limits to the situation in which the compact objects are clusters of smaller objects.}
}


@article{Carr:2018rid,
    author = "Carr, Bernard and Silk, Joseph",
    title = "{Primordial Black Holes as Generators of Cosmic Structures}",
    eprint = "1801.00672",
    archivePrefix = "arXiv",
    primaryClass = "astro-ph.CO",
    doi = "10.1093/mnras/sty1204",
    journal = "Mon. Not. Roy. Astron. Soc.",
    volume = "478",
    number = "3",
    pages = "3756--3775",
    year = "2018"
}

@article{Franciolini:2023pbf,
    author = "Franciolini, Gabriele and Iovino, Junior., Antonio and Vaskonen, Ville and Veermae, Hardi",
    title = "{The recent gravitational wave observation by pulsar timing arrays and primordial black holes: the importance of non-gaussianities}",
    eprint = "2306.17149",
    archivePrefix = "arXiv",
    primaryClass = "astro-ph.CO",
    month = "6",
    year = "2023"
}

@article{Pi:2020otn,
    author = "Pi, Shi and Sasaki, Misao",
    title = "{Gravitational Waves Induced by Scalar Perturbations with a Lognormal Peak}",
    eprint = "2005.12306",
    archivePrefix = "arXiv",
    primaryClass = "gr-qc",
    reportNumber = "YITP-20-75, YITP-75, IPMU20-0054",
    doi = "10.1088/1475-7516/2020/09/037",
    journal = "JCAP",
    volume = "09",
    pages = "037",
    year = "2020"
}

@article{Raidal:2018bbj,
    author = {Raidal, Martti and Spethmann, Christian and Vaskonen, Ville and Veerm\"ae, Hardi},
    title = "{Formation and Evolution of Primordial Black Hole Binaries in the Early Universe}",
    eprint = "1812.01930",
    archivePrefix = "arXiv",
    primaryClass = "astro-ph.CO",
    reportNumber = "KCL-PH-TH/2018-70, CERN-TH-2018-266",
    doi = "10.1088/1475-7516/2019/02/018",
    journal = "JCAP",
    volume = "02",
    pages = "018",
    year = "2019"
}

@article{Raidal:2017mfl,
    author = {Raidal, Martti and Vaskonen, Ville and Veerm\"ae, Hardi},
    title = "{Gravitational Waves from Primordial Black Hole Mergers}",
    eprint = "1707.01480",
    archivePrefix = "arXiv",
    primaryClass = "astro-ph.CO",
    doi = "10.1088/1475-7516/2017/09/037",
    journal = "JCAP",
    volume = "09",
    pages = "037",
    year = "2017"
}


@article{Depta:2023qst,
    author = "Depta, Paul Frederik and Schmidt-Hoberg, Kai and Schwaller, Pedro and Tasillo, Carlo",
    title = "{Do pulsar timing arrays observe merging primordial black holes?}",
    eprint = "2306.17836",
    archivePrefix = "arXiv",
    primaryClass = "astro-ph.CO",
    reportNumber = "DESY-23-093, MITP-23-036",
    month = "6",
    year = "2023"
}

@article{Ajith:2007kx,
    author = "Ajith, P. and others",
    title = "{A Template bank for gravitational waveforms from coalescing binary black holes. I. Non-spinning binaries}",
    eprint = "0710.2335",
    archivePrefix = "arXiv",
    primaryClass = "gr-qc",
    reportNumber = "LIGO-P070111-00-Z, AEI-2007-143",
    doi = "10.1103/PhysRevD.77.104017",
    journal = "Phys. Rev. D",
    volume = "77",
    pages = "104017",
    year = "2008",
    note = "[Erratum: Phys.Rev.D 79, 129901 (2009)]"
}


@article{Zhu:2011bd,
    author = "Zhu, Xing-Jiang and Howell, E. and Regimbau, T. and Blair, D. and Zhu, Zong-Hong",
    title = "{Stochastic Gravitational Wave Background from Coalescing Binary Black Holes}",
    eprint = "1104.3565",
    archivePrefix = "arXiv",
    primaryClass = "gr-qc",
    reportNumber = "LIGO-P1000181-V3",
    doi = "10.1088/0004-637X/739/2/86",
    journal = "Astrophys. J.",
    volume = "739",
    pages = "86",
    year = "2011"
}

@article{NANOGrav:2023gor,
    author = "Agazie, Gabriella and others",
    collaboration = "NANOGrav",
    title = "{The NANOGrav 15 yr Data Set: Evidence for a Gravitational-wave Background}",
    eprint = "2306.16213",
    archivePrefix = "arXiv",
    primaryClass = "astro-ph.HE",
    doi = "10.3847/2041-8213/acdac6",
    journal = "Astrophys. J. Lett.",
    volume = "951",
    number = "1",
    pages = "L8",
    year = "2023"
}

@article{Antoniadis:2022pcn,
    author = "Antoniadis, J. and others",
    title = "{The International Pulsar Timing Array second data release: Search for an isotropic gravitational wave background}",
    eprint = "2201.03980",
    archivePrefix = "arXiv",
    primaryClass = "astro-ph.HE",
    doi = "10.1093/mnras/stab3418",
    journal = "Mon. Not. Roy. Astron. Soc.",
    volume = "510",
    number = "4",
    pages = "4873--4887",
    year = "2022"
}

@article{Reardon:2023gzh,
    author = "Reardon, Daniel J. and others",
    title = "{Search for an Isotropic Gravitational-wave Background with the Parkes Pulsar Timing Array}",
    eprint = "2306.16215",
    archivePrefix = "arXiv",
    primaryClass = "astro-ph.HE",
    doi = "10.3847/2041-8213/acdd02",
    journal = "Astrophys. J. Lett.",
    volume = "951",
    number = "1",
    pages = "L6",
    year = "2023"
}

@article{Franciolini:2023wjm,
    author = "Franciolini, Gabriele and Racco, Davide and Rompineve, Fabrizio",
    title = "{Footprints of the QCD Crossover on Cosmological Gravitational Waves at Pulsar Timing Arrays}",
    eprint = "2306.17136",
    archivePrefix = "arXiv",
    primaryClass = "astro-ph.CO",
    reportNumber = "CERN-TH-2023-080",
    month = "6",
    year = "2023"
}

@article{Li:2023yaj,
    author = "Li, Yao-Yu and Zhang, Chi and Wang, Ziwei and Cui, Ming-Yang and Tsai, Yue-Lin Sming and Yuan, Qiang and Fan, Yi-Zhong",
    title = "{Primordial magnetic field as a common solution of nanohertz gravitational waves and Hubble tension}",
    eprint = "2306.17124",
    archivePrefix = "arXiv",
    primaryClass = "astro-ph.HE",
    month = "6",
    year = "2023"
}

@article{NANOGrav:2023hvm,
    author = "Afzal, Adeela and others",
    collaboration = "NANOGrav",
    title = "{The NANOGrav 15 yr Data Set: Search for Signals from New Physics}",
    eprint = "2306.16219",
    archivePrefix = "arXiv",
    primaryClass = "astro-ph.HE",
    doi = "10.3847/2041-8213/acdc91",
    journal = "Astrophys. J. Lett.",
    volume = "951",
    number = "1",
    pages = "L11",
    year = "2023"
}

@article{Feroz:2008xx,
    author = "Feroz, F. and Hobson, M. P. and Bridges, M.",
    title = "{MultiNest: an efficient and robust Bayesian inference tool for cosmology and particle physics}",
    eprint = "0809.3437",
    archivePrefix = "arXiv",
    primaryClass = "astro-ph",
    doi = "10.1111/j.1365-2966.2009.14548.x",
    journal = "Mon. Not. Roy. Astron. Soc.",
    volume = "398",
    pages = "1601--1614",
    year = "2009"
}

@article{Lewis:2019xzd,
    author = "Lewis, Antony",
    title = "{GetDist: a Python package for analysing Monte Carlo samples}",
    eprint = "1910.13970",
    archivePrefix = "arXiv",
    primaryClass = "astro-ph.IM",
    month = "10",
    year = "2019"
}

@article{Hall:2020daa,
    author = "Hall, Alex and Gow, Andrew D. and Byrnes, Christian T.",
    title = "{Bayesian analysis of LIGO-Virgo mergers: Primordial vs. astrophysical black hole populations}",
    eprint = "2008.13704",
    archivePrefix = "arXiv",
    primaryClass = "astro-ph.CO",
    doi = "10.1103/PhysRevD.102.123524",
    journal = "Phys. Rev. D",
    volume = "102",
    pages = "123524",
    year = "2020"
}

@article{DeLuca:2020qqa,
    author = "De Luca, V. and Franciolini, G. and Pani, P. and Riotto, A.",
    title = "{Primordial Black Holes Confront LIGO/Virgo data: Current situation}",
    eprint = "2005.05641",
    archivePrefix = "arXiv",
    primaryClass = "astro-ph.CO",
    doi = "10.1088/1475-7516/2020/06/044",
    journal = "JCAP",
    volume = "06",
    pages = "044",
    year = "2020"
}

@article{Bird:2016dcv,
    author = {Bird, Simeon and Cholis, Ilias and Mu\~noz, Julian B. and Ali-Ha\"\i{}moud, Yacine and Kamionkowski, Marc and Kovetz, Ely D. and Raccanelli, Alvise and Riess, Adam G.},
    title = "{Did LIGO detect dark matter?}",
    eprint = "1603.00464",
    archivePrefix = "arXiv",
    primaryClass = "astro-ph.CO",
    doi = "10.1103/PhysRevLett.116.201301",
    journal = "Phys. Rev. Lett.",
    volume = "116",
    number = "20",
    pages = "201301",
    year = "2016"
}

@article{Xu:2023wog,
    author = "Xu, Heng and others",
    title = "{Searching for the Nano-Hertz Stochastic Gravitational Wave Background with the Chinese Pulsar Timing Array Data Release I}",
    eprint = "2306.16216",
    archivePrefix = "arXiv",
    primaryClass = "astro-ph.HE",
    doi = "10.1088/1674-4527/acdfa5",
    journal = "Res. Astron. Astrophys.",
    volume = "23",
    number = "7",
    pages = "075024",
    year = "2023"
}

@article{Inomata:2023drn,
    author = "Inomata, Keisuke and Kawasaki, Masahiro and Mukaida, Kyohei and Yanagida, Tsutomu T.",
    title = "{Axion Curvaton Model for the Gravitational Waves Observed by Pulsar Timing Arrays}",
    eprint = "2309.11398",
    archivePrefix = "arXiv",
    primaryClass = "astro-ph.CO",
    reportNumber = "KEK-TH-2554, KEK-Cosmo-0324",
    month = "9",
    year = "2023"
}

@article{EPTA:2023gyr,
    author = "Antoniadis, J. and others",
    collaboration = "EPTA",
    title = "{The second data release from the European Pulsar Timing Array IV. Search for continuous gravitational wave signals}",
    eprint = "2306.16226",
    archivePrefix = "arXiv",
    primaryClass = "astro-ph.HE",
    month = "6",
    year = "2023"
}

@article{EPTA:2023fyk,
    author = "Antoniadis, J. and others",
    collaboration = "EPTA",
    title = "{The second data release from the European Pulsar Timing Array III. Search for gravitational wave signals}",
    eprint = "2306.16214",
    archivePrefix = "arXiv",
    primaryClass = "astro-ph.HE",
    month = "6",
    year = "2023"
}

@article{Punturo:2010zz,
    author = "Punturo, M. and others",
    editor = "Ricci, Fulvio",
    title = "{The Einstein Telescope: A third-generation gravitational wave observatory}",
    doi = "10.1088/0264-9381/27/19/194002",
    journal = "Class. Quant. Grav.",
    volume = "27",
    pages = "194002",
    year = "2010"
}

@article{Kawamura:2020pcg,
    author = "Kawamura, Seiji and others",
    title = "{Current status of space gravitational wave antenna DECIGO and B-DECIGO}",
    eprint = "2006.13545",
    archivePrefix = "arXiv",
    primaryClass = "gr-qc",
    doi = "10.1093/ptep/ptab019",
    journal = "PTEP",
    volume = "2021",
    number = "5",
    pages = "05A105",
    year = "2021"
}

@article{Yagi:2011wg,
    author = "Yagi, Kent and Seto, Naoki",
    title = "{Detector configuration of DECIGO/BBO and identification of cosmological neutron-star binaries}",
    eprint = "1101.3940",
    archivePrefix = "arXiv",
    primaryClass = "astro-ph.CO",
    doi = "10.1103/PhysRevD.83.044011",
    journal = "Phys. Rev. D",
    volume = "83",
    pages = "044011",
    year = "2011",
    note = "[Erratum: Phys.Rev.D 95, 109901 (2017)]"
}

@article{Garcia-Bellido:2021jlq,
    author = "Garc\'\i{}a-Bellido, Juan and Jaraba, Santiago and Kuroyanagi, Sachiko",
    title = "{The stochastic gravitational wave background from close hyperbolic encounters of primordial black holes in dense clusters}",
    eprint = "2109.11376",
    archivePrefix = "arXiv",
    primaryClass = "gr-qc",
    reportNumber = "IFT-UAM/CSIC-21-102",
    doi = "10.1016/j.dark.2022.101009",
    journal = "Phys. Dark Univ.",
    volume = "36",
    pages = "101009",
    year = "2022"
}

@article{Thrane:2013oya,
    author = "Thrane, Eric and Romano, Joseph D.",
    title = "{Sensitivity curves for searches for gravitational-wave backgrounds}",
    eprint = "1310.5300",
    archivePrefix = "arXiv",
    primaryClass = "astro-ph.IM",
    doi = "10.1103/PhysRevD.88.124032",
    journal = "Phys. Rev. D",
    volume = "88",
    number = "12",
    pages = "124032",
    year = "2013"
}

@article{Domenech:2021ztg,
    author = "Dom\`enech, Guillem",
    title = "{Scalar Induced Gravitational Waves Review}",
    eprint = "2109.01398",
    archivePrefix = "arXiv",
    primaryClass = "gr-qc",
    doi = "10.3390/universe7110398",
    journal = "Universe",
    volume = "7",
    number = "11",
    pages = "398",
    year = "2021"
}

@article{Domcke:2022rgu,
    author = "Domcke, Valerie and Garcia-Cely, Camilo and Rodd, Nicholas L.",
    title = "{Novel Search for High-Frequency Gravitational Waves with Low-Mass Axion Haloscopes}",
    eprint = "2202.00695",
    archivePrefix = "arXiv",
    primaryClass = "hep-ph",
    reportNumber = "DESY-22-017, CERN-TH-2022-010",
    doi = "10.1103/PhysRevLett.129.041101",
    journal = "Phys. Rev. Lett.",
    volume = "129",
    number = "4",
    pages = "041101",
    year = "2022"
}

@article{Reitze:2019iox,
    author = "Reitze, David and others",
    title = "{Cosmic Explorer: The U.S. Contribution to Gravitational-Wave Astronomy beyond LIGO}",
    eprint = "1907.04833",
    archivePrefix = "arXiv",
    primaryClass = "astro-ph.IM",
    reportNumber = "LIGO-P1900316",
    journal = "Bull. Am. Astron. Soc.",
    volume = "51",
    number = "7",
    pages = "035",
    year = "2019"
}

@article{Vaskonen:2019jpv,
    author = {Vaskonen, Ville and Veerm\"ae, Hardi},
    title = "{Lower bound on the primordial black hole merger rate}",
    eprint = "1908.09752",
    archivePrefix = "arXiv",
    primaryClass = "astro-ph.CO",
    reportNumber = "CERN-TH-2019-141, KCL-PH-TH/2019-69",
    doi = "10.1103/PhysRevD.101.043015",
    journal = "Phys. Rev. D",
    volume = "101",
    number = "4",
    pages = "043015",
    year = "2020"
}

@article{LISACosmologyWorkingGroup:2022jok,
    author = "Auclair, Pierre and others",
    collaboration = "LISA Cosmology Working Group",
    title = "{Cosmology with the Laser Interferometer Space Antenna}",
    eprint = "2204.05434",
    archivePrefix = "arXiv",
    primaryClass = "astro-ph.CO",
    reportNumber = "LISA CosWG-22-03, FERMILAB-PUB-22-349-SCD",
    doi = "10.1007/s41114-023-00045-2",
    journal = "Living Rev. Rel.",
    volume = "26",
    number = "1",
    pages = "5",
    year = "2023"
}

